%YAML 1.1
%TAG !u! tag:unity3d.com,2011:
--- !u!29 &1
SceneSettings:
  m_ObjectHideFlags: 0
  m_PVSData: 
  m_PVSObjectsArray: []
  m_PVSPortalsArray: []
  m_OcclusionBakeSettings:
    smallestOccluder: 5
    smallestHole: 0.25
    backfaceThreshold: 100
--- !u!104 &2
RenderSettings:
  m_ObjectHideFlags: 0
  serializedVersion: 7
  m_Fog: 0
  m_FogColor: {r: 0.5, g: 0.5, b: 0.5, a: 1}
  m_FogMode: 3
  m_FogDensity: 0.01
  m_LinearFogStart: 0
  m_LinearFogEnd: 300
  m_AmbientSkyColor: {r: 0.212, g: 0.227, b: 0.259, a: 1}
  m_AmbientEquatorColor: {r: 0.114, g: 0.125, b: 0.133, a: 1}
  m_AmbientGroundColor: {r: 0.047, g: 0.043, b: 0.035, a: 1}
  m_AmbientIntensity: 1
  m_AmbientMode: 0
  m_SkyboxMaterial: {fileID: 10304, guid: 0000000000000000f000000000000000, type: 0}
  m_HaloStrength: 0.5
  m_FlareStrength: 1
  m_FlareFadeSpeed: 3
  m_HaloTexture: {fileID: 0}
  m_SpotCookie: {fileID: 10001, guid: 0000000000000000e000000000000000, type: 0}
  m_DefaultReflectionMode: 0
  m_DefaultReflectionResolution: 128
  m_ReflectionBounces: 1
  m_ReflectionIntensity: 1
  m_CustomReflection: {fileID: 0}
  m_Sun: {fileID: 0}
  m_IndirectSpecularColor: {r: 0, g: 0, b: 0, a: 1}
--- !u!157 &3
LightmapSettings:
  m_ObjectHideFlags: 0
  serializedVersion: 7
  m_GIWorkflowMode: 1
  m_GISettings:
    serializedVersion: 2
    m_BounceScale: 1
    m_IndirectOutputScale: 1
    m_AlbedoBoost: 1
    m_TemporalCoherenceThreshold: 1
    m_EnvironmentLightingMode: 0
    m_EnableBakedLightmaps: 1
    m_EnableRealtimeLightmaps: 1
  m_LightmapEditorSettings:
    serializedVersion: 4
    m_Resolution: 2
    m_BakeResolution: 40
    m_TextureWidth: 1024
    m_TextureHeight: 1024
    m_AO: 0
    m_AOMaxDistance: 1
    m_CompAOExponent: 1
    m_CompAOExponentDirect: 0
    m_Padding: 2
    m_LightmapParameters: {fileID: 0}
    m_LightmapsBakeMode: 1
    m_TextureCompression: 1
    m_DirectLightInLightProbes: 1
    m_FinalGather: 0
    m_FinalGatherFiltering: 1
    m_FinalGatherRayCount: 256
    m_ReflectionCompression: 2
  m_LightingDataAsset: {fileID: 0}
  m_RuntimeCPUUsage: 25
--- !u!196 &4
NavMeshSettings:
  serializedVersion: 2
  m_ObjectHideFlags: 0
  m_BuildSettings:
    serializedVersion: 2
    agentRadius: 0.5
    agentHeight: 2
    agentSlope: 45
    agentClimb: 0.4
    ledgeDropHeight: 0
    maxJumpAcrossDistance: 0
    accuratePlacement: 0
    minRegionArea: 2
    cellSize: 0.16666667
    manualCellSize: 0
  m_NavMeshData: {fileID: 0}
--- !u!1001 &61934818
Prefab:
  m_ObjectHideFlags: 0
  serializedVersion: 2
  m_Modification:
    m_TransformParent: {fileID: 0}
    m_Modifications:
    - target: {fileID: 4000012321423346, guid: 54b5297bbc1ef4c18ac5b10f7f9f2e8f, type: 2}
      propertyPath: m_LocalPosition.x
      value: -0.41
      objectReference: {fileID: 0}
    - target: {fileID: 4000012321423346, guid: 54b5297bbc1ef4c18ac5b10f7f9f2e8f, type: 2}
      propertyPath: m_LocalPosition.y
      value: 3.46
      objectReference: {fileID: 0}
    - target: {fileID: 4000012321423346, guid: 54b5297bbc1ef4c18ac5b10f7f9f2e8f, type: 2}
      propertyPath: m_LocalPosition.z
      value: 1.21
      objectReference: {fileID: 0}
    - target: {fileID: 4000012321423346, guid: 54b5297bbc1ef4c18ac5b10f7f9f2e8f, type: 2}
      propertyPath: m_LocalRotation.x
      value: -0
      objectReference: {fileID: 0}
    - target: {fileID: 4000012321423346, guid: 54b5297bbc1ef4c18ac5b10f7f9f2e8f, type: 2}
      propertyPath: m_LocalRotation.y
      value: -0
      objectReference: {fileID: 0}
    - target: {fileID: 4000012321423346, guid: 54b5297bbc1ef4c18ac5b10f7f9f2e8f, type: 2}
      propertyPath: m_LocalRotation.z
      value: 0.08750845
      objectReference: {fileID: 0}
    - target: {fileID: 4000012321423346, guid: 54b5297bbc1ef4c18ac5b10f7f9f2e8f, type: 2}
      propertyPath: m_LocalRotation.w
      value: 0.99616385
      objectReference: {fileID: 0}
    - target: {fileID: 4000012321423346, guid: 54b5297bbc1ef4c18ac5b10f7f9f2e8f, type: 2}
      propertyPath: m_RootOrder
      value: 25
      objectReference: {fileID: 0}
    - target: {fileID: 1000012975659404, guid: 54b5297bbc1ef4c18ac5b10f7f9f2e8f, type: 2}
      propertyPath: m_Name
      value: NewClippyBitch (15)
      objectReference: {fileID: 0}
    - target: {fileID: 114000012970484302, guid: 54b5297bbc1ef4c18ac5b10f7f9f2e8f,
        type: 2}
      propertyPath: isPlayer
      value: 0
      objectReference: {fileID: 0}
    - target: {fileID: 4000012321423346, guid: 54b5297bbc1ef4c18ac5b10f7f9f2e8f, type: 2}
      propertyPath: m_LocalEulerAnglesHint.z
      value: 9.786
      objectReference: {fileID: 0}
    - target: {fileID: 54000012024078546, guid: 54b5297bbc1ef4c18ac5b10f7f9f2e8f,
        type: 2}
      propertyPath: m_IsKinematic
      value: 0
      objectReference: {fileID: 0}
    - target: {fileID: 54000012024078546, guid: 54b5297bbc1ef4c18ac5b10f7f9f2e8f,
        type: 2}
      propertyPath: m_AngularDrag
      value: 0.5
      objectReference: {fileID: 0}
    - target: {fileID: 0}
      propertyPath: m_Controller
      value: 
      objectReference: {fileID: 9100000, guid: 23aedcd5a3dea4002af68bb84675a052, type: 2}
    - target: {fileID: 0}
      propertyPath: m_Enabled
      value: 1
      objectReference: {fileID: 0}
    - target: {fileID: 4000011325187302, guid: 54b5297bbc1ef4c18ac5b10f7f9f2e8f, type: 2}
      propertyPath: m_LocalPosition.x
      value: 0.000000044703
      objectReference: {fileID: 0}
    - target: {fileID: 4000011325187302, guid: 54b5297bbc1ef4c18ac5b10f7f9f2e8f, type: 2}
      propertyPath: m_LocalPosition.y
      value: -0.46449
      objectReference: {fileID: 0}
    - target: {fileID: 4000011325187302, guid: 54b5297bbc1ef4c18ac5b10f7f9f2e8f, type: 2}
      propertyPath: m_LocalScale.y
      value: 1
      objectReference: {fileID: 0}
    - target: {fileID: 4000011854048430, guid: 54b5297bbc1ef4c18ac5b10f7f9f2e8f, type: 2}
      propertyPath: m_LocalPosition.x
      value: -0
      objectReference: {fileID: 0}
    - target: {fileID: 4000011854048430, guid: 54b5297bbc1ef4c18ac5b10f7f9f2e8f, type: 2}
      propertyPath: m_LocalPosition.y
      value: 0.067
      objectReference: {fileID: 0}
    - target: {fileID: 1000012975659404, guid: 54b5297bbc1ef4c18ac5b10f7f9f2e8f, type: 2}
      propertyPath: m_IsActive
      value: 0
      objectReference: {fileID: 0}
    - target: {fileID: 4000013921910924, guid: 54b5297bbc1ef4c18ac5b10f7f9f2e8f, type: 2}
      propertyPath: m_LocalEulerAnglesHint.x
      value: 2.6354284
      objectReference: {fileID: 0}
    - target: {fileID: 4000013921910924, guid: 54b5297bbc1ef4c18ac5b10f7f9f2e8f, type: 2}
      propertyPath: m_LocalEulerAnglesHint.y
      value: -0.24285065
      objectReference: {fileID: 0}
    - target: {fileID: 4000013921910924, guid: 54b5297bbc1ef4c18ac5b10f7f9f2e8f, type: 2}
      propertyPath: m_LocalEulerAnglesHint.z
      value: -10.948238
      objectReference: {fileID: 0}
    - target: {fileID: 4000013508129558, guid: 54b5297bbc1ef4c18ac5b10f7f9f2e8f, type: 2}
      propertyPath: m_LocalEulerAnglesHint.x
      value: 19.468658
      objectReference: {fileID: 0}
    - target: {fileID: 4000013508129558, guid: 54b5297bbc1ef4c18ac5b10f7f9f2e8f, type: 2}
      propertyPath: m_LocalEulerAnglesHint.y
      value: 238.45972
      objectReference: {fileID: 0}
    - target: {fileID: 4000013508129558, guid: 54b5297bbc1ef4c18ac5b10f7f9f2e8f, type: 2}
      propertyPath: m_LocalEulerAnglesHint.z
      value: 235.4325
      objectReference: {fileID: 0}
    m_RemovedComponents:
    - {fileID: 0}
  m_ParentPrefab: {fileID: 100100000, guid: 54b5297bbc1ef4c18ac5b10f7f9f2e8f, type: 2}
  m_IsPrefabParent: 0
--- !u!1001 &116598458
Prefab:
  m_ObjectHideFlags: 0
  serializedVersion: 2
  m_Modification:
    m_TransformParent: {fileID: 0}
    m_Modifications:
    - target: {fileID: 4000012321423346, guid: 54b5297bbc1ef4c18ac5b10f7f9f2e8f, type: 2}
      propertyPath: m_LocalPosition.x
      value: -5.16
      objectReference: {fileID: 0}
    - target: {fileID: 4000012321423346, guid: 54b5297bbc1ef4c18ac5b10f7f9f2e8f, type: 2}
      propertyPath: m_LocalPosition.y
      value: 6.9203467
      objectReference: {fileID: 0}
    - target: {fileID: 4000012321423346, guid: 54b5297bbc1ef4c18ac5b10f7f9f2e8f, type: 2}
      propertyPath: m_LocalPosition.z
      value: 0
      objectReference: {fileID: 0}
    - target: {fileID: 4000012321423346, guid: 54b5297bbc1ef4c18ac5b10f7f9f2e8f, type: 2}
      propertyPath: m_LocalRotation.x
      value: 0
      objectReference: {fileID: 0}
    - target: {fileID: 4000012321423346, guid: 54b5297bbc1ef4c18ac5b10f7f9f2e8f, type: 2}
      propertyPath: m_LocalRotation.y
      value: 0
      objectReference: {fileID: 0}
    - target: {fileID: 4000012321423346, guid: 54b5297bbc1ef4c18ac5b10f7f9f2e8f, type: 2}
      propertyPath: m_LocalRotation.z
      value: 0.0008726948
      objectReference: {fileID: 0}
    - target: {fileID: 4000012321423346, guid: 54b5297bbc1ef4c18ac5b10f7f9f2e8f, type: 2}
      propertyPath: m_LocalRotation.w
      value: 0.99999964
      objectReference: {fileID: 0}
    - target: {fileID: 4000012321423346, guid: 54b5297bbc1ef4c18ac5b10f7f9f2e8f, type: 2}
      propertyPath: m_RootOrder
      value: 12
      objectReference: {fileID: 0}
    - target: {fileID: 1000012975659404, guid: 54b5297bbc1ef4c18ac5b10f7f9f2e8f, type: 2}
      propertyPath: m_Name
      value: NewClippyBitch (3)
      objectReference: {fileID: 0}
    - target: {fileID: 114000012970484302, guid: 54b5297bbc1ef4c18ac5b10f7f9f2e8f,
        type: 2}
      propertyPath: isPlayer
      value: 0
      objectReference: {fileID: 0}
    - target: {fileID: 4000012321423346, guid: 54b5297bbc1ef4c18ac5b10f7f9f2e8f, type: 2}
      propertyPath: m_LocalEulerAnglesHint.z
      value: 0.1
      objectReference: {fileID: 0}
    - target: {fileID: 54000012024078546, guid: 54b5297bbc1ef4c18ac5b10f7f9f2e8f,
        type: 2}
      propertyPath: m_IsKinematic
      value: 0
      objectReference: {fileID: 0}
    - target: {fileID: 4000011325187302, guid: 54b5297bbc1ef4c18ac5b10f7f9f2e8f, type: 2}
      propertyPath: m_LocalScale.y
      value: 0.3
      objectReference: {fileID: 0}
    - target: {fileID: 1000012975659404, guid: 54b5297bbc1ef4c18ac5b10f7f9f2e8f, type: 2}
      propertyPath: m_IsActive
      value: 0
      objectReference: {fileID: 0}
    m_RemovedComponents: []
  m_ParentPrefab: {fileID: 100100000, guid: 54b5297bbc1ef4c18ac5b10f7f9f2e8f, type: 2}
  m_IsPrefabParent: 0
--- !u!1001 &120044139
Prefab:
  m_ObjectHideFlags: 0
  serializedVersion: 2
  m_Modification:
    m_TransformParent: {fileID: 0}
    m_Modifications:
    - target: {fileID: 4000012321423346, guid: 54b5297bbc1ef4c18ac5b10f7f9f2e8f, type: 2}
      propertyPath: m_LocalPosition.x
      value: -2.2770972
      objectReference: {fileID: 0}
    - target: {fileID: 4000012321423346, guid: 54b5297bbc1ef4c18ac5b10f7f9f2e8f, type: 2}
      propertyPath: m_LocalPosition.y
      value: 2.51
      objectReference: {fileID: 0}
    - target: {fileID: 4000012321423346, guid: 54b5297bbc1ef4c18ac5b10f7f9f2e8f, type: 2}
      propertyPath: m_LocalPosition.z
      value: 1.47
      objectReference: {fileID: 0}
    - target: {fileID: 4000012321423346, guid: 54b5297bbc1ef4c18ac5b10f7f9f2e8f, type: 2}
      propertyPath: m_LocalRotation.x
      value: 0
      objectReference: {fileID: 0}
    - target: {fileID: 4000012321423346, guid: 54b5297bbc1ef4c18ac5b10f7f9f2e8f, type: 2}
      propertyPath: m_LocalRotation.y
      value: 0
      objectReference: {fileID: 0}
    - target: {fileID: 4000012321423346, guid: 54b5297bbc1ef4c18ac5b10f7f9f2e8f, type: 2}
      propertyPath: m_LocalRotation.z
      value: 0
      objectReference: {fileID: 0}
    - target: {fileID: 4000012321423346, guid: 54b5297bbc1ef4c18ac5b10f7f9f2e8f, type: 2}
      propertyPath: m_LocalRotation.w
      value: 1
      objectReference: {fileID: 0}
    - target: {fileID: 4000012321423346, guid: 54b5297bbc1ef4c18ac5b10f7f9f2e8f, type: 2}
      propertyPath: m_RootOrder
      value: 3
      objectReference: {fileID: 0}
    - target: {fileID: 1000012975659404, guid: 54b5297bbc1ef4c18ac5b10f7f9f2e8f, type: 2}
      propertyPath: m_IsActive
      value: 0
      objectReference: {fileID: 0}
    - target: {fileID: 54000012024078546, guid: 54b5297bbc1ef4c18ac5b10f7f9f2e8f,
        type: 2}
      propertyPath: m_IsKinematic
      value: 0
      objectReference: {fileID: 0}
    - target: {fileID: 114000012970484302, guid: 54b5297bbc1ef4c18ac5b10f7f9f2e8f,
        type: 2}
      propertyPath: forceStrength
      value: 1
      objectReference: {fileID: 0}
    - target: {fileID: 114000012970484302, guid: 54b5297bbc1ef4c18ac5b10f7f9f2e8f,
        type: 2}
      propertyPath: debug_on
      value: 0
      objectReference: {fileID: 0}
    m_RemovedComponents: []
  m_ParentPrefab: {fileID: 100100000, guid: 54b5297bbc1ef4c18ac5b10f7f9f2e8f, type: 2}
  m_IsPrefabParent: 0
--- !u!1 &135812560
GameObject:
  m_ObjectHideFlags: 0
  m_PrefabParentObject: {fileID: 0}
  m_PrefabInternal: {fileID: 0}
  serializedVersion: 4
  m_Component:
  - 4: {fileID: 135812565}
  - 20: {fileID: 135812564}
  - 92: {fileID: 135812563}
  - 124: {fileID: 135812562}
  - 81: {fileID: 135812561}
  m_Layer: 0
  m_Name: Main Camera
  m_TagString: MainCamera
  m_Icon: {fileID: 0}
  m_NavMeshLayer: 0
  m_StaticEditorFlags: 0
  m_IsActive: 0
--- !u!81 &135812561
AudioListener:
  m_ObjectHideFlags: 0
  m_PrefabParentObject: {fileID: 0}
  m_PrefabInternal: {fileID: 0}
  m_GameObject: {fileID: 135812560}
  m_Enabled: 1
--- !u!124 &135812562
Behaviour:
  m_ObjectHideFlags: 0
  m_PrefabParentObject: {fileID: 0}
  m_PrefabInternal: {fileID: 0}
  m_GameObject: {fileID: 135812560}
  m_Enabled: 1
--- !u!92 &135812563
Behaviour:
  m_ObjectHideFlags: 0
  m_PrefabParentObject: {fileID: 0}
  m_PrefabInternal: {fileID: 0}
  m_GameObject: {fileID: 135812560}
  m_Enabled: 1
--- !u!20 &135812564
Camera:
  m_ObjectHideFlags: 0
  m_PrefabParentObject: {fileID: 0}
  m_PrefabInternal: {fileID: 0}
  m_GameObject: {fileID: 135812560}
  m_Enabled: 1
  serializedVersion: 2
  m_ClearFlags: 1
  m_BackGroundColor: {r: 0.19215687, g: 0.3019608, b: 0.4745098, a: 0}
  m_NormalizedViewPortRect:
    serializedVersion: 2
    x: 0
    y: 0
    width: 1
    height: 1
  near clip plane: 0.3
  far clip plane: 1000
  field of view: 60
  orthographic: 0
  orthographic size: 5
  m_Depth: -1
  m_CullingMask:
    serializedVersion: 2
    m_Bits: 4294967295
  m_RenderingPath: -1
  m_TargetTexture: {fileID: 0}
  m_TargetDisplay: 0
  m_TargetEye: 3
  m_HDR: 0
  m_OcclusionCulling: 1
  m_StereoConvergence: 10
  m_StereoSeparation: 0.022
  m_StereoMirrorMode: 0
--- !u!4 &135812565
Transform:
  m_ObjectHideFlags: 0
  m_PrefabParentObject: {fileID: 0}
  m_PrefabInternal: {fileID: 0}
  m_GameObject: {fileID: 135812560}
  m_LocalRotation: {x: 0, y: 0, z: 0, w: 1}
  m_LocalPosition: {x: 0, y: 4.43, z: -14.53}
  m_LocalScale: {x: 1, y: 1, z: 1}
  m_LocalEulerAnglesHint: {x: 0, y: 0, z: 0}
  m_Children: []
  m_Father: {fileID: 0}
  m_RootOrder: 0
--- !u!1001 &248064691
Prefab:
  m_ObjectHideFlags: 0
  serializedVersion: 2
  m_Modification:
    m_TransformParent: {fileID: 0}
    m_Modifications:
    - target: {fileID: 4000012321423346, guid: 54b5297bbc1ef4c18ac5b10f7f9f2e8f, type: 2}
      propertyPath: m_LocalPosition.x
      value: -1.52
      objectReference: {fileID: 0}
    - target: {fileID: 4000012321423346, guid: 54b5297bbc1ef4c18ac5b10f7f9f2e8f, type: 2}
      propertyPath: m_LocalPosition.y
      value: 1.44
      objectReference: {fileID: 0}
    - target: {fileID: 4000012321423346, guid: 54b5297bbc1ef4c18ac5b10f7f9f2e8f, type: 2}
      propertyPath: m_LocalPosition.z
      value: 0.39
      objectReference: {fileID: 0}
    - target: {fileID: 4000012321423346, guid: 54b5297bbc1ef4c18ac5b10f7f9f2e8f, type: 2}
      propertyPath: m_LocalRotation.x
      value: 0
      objectReference: {fileID: 0}
    - target: {fileID: 4000012321423346, guid: 54b5297bbc1ef4c18ac5b10f7f9f2e8f, type: 2}
      propertyPath: m_LocalRotation.y
      value: 0
      objectReference: {fileID: 0}
    - target: {fileID: 4000012321423346, guid: 54b5297bbc1ef4c18ac5b10f7f9f2e8f, type: 2}
      propertyPath: m_LocalRotation.z
      value: 0
      objectReference: {fileID: 0}
    - target: {fileID: 4000012321423346, guid: 54b5297bbc1ef4c18ac5b10f7f9f2e8f, type: 2}
      propertyPath: m_LocalRotation.w
      value: 1
      objectReference: {fileID: 0}
    - target: {fileID: 4000012321423346, guid: 54b5297bbc1ef4c18ac5b10f7f9f2e8f, type: 2}
      propertyPath: m_RootOrder
      value: 15
      objectReference: {fileID: 0}
    - target: {fileID: 1000012975659404, guid: 54b5297bbc1ef4c18ac5b10f7f9f2e8f, type: 2}
      propertyPath: m_IsActive
      value: 0
      objectReference: {fileID: 0}
    - target: {fileID: 54000012024078546, guid: 54b5297bbc1ef4c18ac5b10f7f9f2e8f,
        type: 2}
      propertyPath: m_IsKinematic
      value: 0
      objectReference: {fileID: 0}
    - target: {fileID: 1000012975659404, guid: 54b5297bbc1ef4c18ac5b10f7f9f2e8f, type: 2}
      propertyPath: m_Name
      value: NewClippyBitch (5)
      objectReference: {fileID: 0}
    m_RemovedComponents: []
  m_ParentPrefab: {fileID: 100100000, guid: 54b5297bbc1ef4c18ac5b10f7f9f2e8f, type: 2}
  m_IsPrefabParent: 0
--- !u!1001 &260348776
Prefab:
  m_ObjectHideFlags: 0
  serializedVersion: 2
  m_Modification:
    m_TransformParent: {fileID: 0}
    m_Modifications:
    - target: {fileID: 4000012321423346, guid: 54b5297bbc1ef4c18ac5b10f7f9f2e8f, type: 2}
      propertyPath: m_LocalPosition.x
      value: 0.49
      objectReference: {fileID: 0}
    - target: {fileID: 4000012321423346, guid: 54b5297bbc1ef4c18ac5b10f7f9f2e8f, type: 2}
      propertyPath: m_LocalPosition.y
      value: 2.51
      objectReference: {fileID: 0}
    - target: {fileID: 4000012321423346, guid: 54b5297bbc1ef4c18ac5b10f7f9f2e8f, type: 2}
      propertyPath: m_LocalPosition.z
      value: 1.39
      objectReference: {fileID: 0}
    - target: {fileID: 4000012321423346, guid: 54b5297bbc1ef4c18ac5b10f7f9f2e8f, type: 2}
      propertyPath: m_LocalRotation.x
      value: 0
      objectReference: {fileID: 0}
    - target: {fileID: 4000012321423346, guid: 54b5297bbc1ef4c18ac5b10f7f9f2e8f, type: 2}
      propertyPath: m_LocalRotation.y
      value: 0
      objectReference: {fileID: 0}
    - target: {fileID: 4000012321423346, guid: 54b5297bbc1ef4c18ac5b10f7f9f2e8f, type: 2}
      propertyPath: m_LocalRotation.z
      value: 0
      objectReference: {fileID: 0}
    - target: {fileID: 4000012321423346, guid: 54b5297bbc1ef4c18ac5b10f7f9f2e8f, type: 2}
      propertyPath: m_LocalRotation.w
      value: 1
      objectReference: {fileID: 0}
    - target: {fileID: 4000012321423346, guid: 54b5297bbc1ef4c18ac5b10f7f9f2e8f, type: 2}
      propertyPath: m_RootOrder
      value: 19
      objectReference: {fileID: 0}
    - target: {fileID: 1000012975659404, guid: 54b5297bbc1ef4c18ac5b10f7f9f2e8f, type: 2}
      propertyPath: m_IsActive
      value: 0
      objectReference: {fileID: 0}
    - target: {fileID: 54000012024078546, guid: 54b5297bbc1ef4c18ac5b10f7f9f2e8f,
        type: 2}
      propertyPath: m_IsKinematic
      value: 0
      objectReference: {fileID: 0}
    - target: {fileID: 1000012975659404, guid: 54b5297bbc1ef4c18ac5b10f7f9f2e8f, type: 2}
      propertyPath: m_Name
      value: NewClippyBitch (9)
      objectReference: {fileID: 0}
    m_RemovedComponents: []
  m_ParentPrefab: {fileID: 100100000, guid: 54b5297bbc1ef4c18ac5b10f7f9f2e8f, type: 2}
  m_IsPrefabParent: 0
--- !u!1001 &299589016
Prefab:
  m_ObjectHideFlags: 0
  serializedVersion: 2
  m_Modification:
    m_TransformParent: {fileID: 0}
    m_Modifications:
    - target: {fileID: 4000012321423346, guid: 54b5297bbc1ef4c18ac5b10f7f9f2e8f, type: 2}
      propertyPath: m_LocalPosition.x
      value: 0
      objectReference: {fileID: 0}
    - target: {fileID: 4000012321423346, guid: 54b5297bbc1ef4c18ac5b10f7f9f2e8f, type: 2}
      propertyPath: m_LocalPosition.y
      value: 2
      objectReference: {fileID: 0}
    - target: {fileID: 4000012321423346, guid: 54b5297bbc1ef4c18ac5b10f7f9f2e8f, type: 2}
      propertyPath: m_LocalPosition.z
      value: 0
      objectReference: {fileID: 0}
    - target: {fileID: 4000012321423346, guid: 54b5297bbc1ef4c18ac5b10f7f9f2e8f, type: 2}
      propertyPath: m_LocalRotation.x
      value: 0
      objectReference: {fileID: 0}
    - target: {fileID: 4000012321423346, guid: 54b5297bbc1ef4c18ac5b10f7f9f2e8f, type: 2}
      propertyPath: m_LocalRotation.y
      value: 0
      objectReference: {fileID: 0}
    - target: {fileID: 4000012321423346, guid: 54b5297bbc1ef4c18ac5b10f7f9f2e8f, type: 2}
      propertyPath: m_LocalRotation.z
      value: 0
      objectReference: {fileID: 0}
    - target: {fileID: 4000012321423346, guid: 54b5297bbc1ef4c18ac5b10f7f9f2e8f, type: 2}
      propertyPath: m_LocalRotation.w
      value: 1
      objectReference: {fileID: 0}
    - target: {fileID: 4000012321423346, guid: 54b5297bbc1ef4c18ac5b10f7f9f2e8f, type: 2}
      propertyPath: m_RootOrder
      value: 9
      objectReference: {fileID: 0}
    - target: {fileID: 1000012975659404, guid: 54b5297bbc1ef4c18ac5b10f7f9f2e8f, type: 2}
      propertyPath: m_IsActive
      value: 0
      objectReference: {fileID: 0}
    - target: {fileID: 114000012970484302, guid: 54b5297bbc1ef4c18ac5b10f7f9f2e8f,
        type: 2}
      propertyPath: isPlayer
      value: 0
      objectReference: {fileID: 0}
    m_RemovedComponents: []
  m_ParentPrefab: {fileID: 100100000, guid: 54b5297bbc1ef4c18ac5b10f7f9f2e8f, type: 2}
  m_IsPrefabParent: 0
--- !u!4 &369997004 stripped
Transform:
  m_PrefabParentObject: {fileID: 4000010044927614, guid: 24081e7304c7a6c409df4001cb19e399,
    type: 2}
  m_PrefabInternal: {fileID: 1485577121}
--- !u!1001 &383708400
Prefab:
  m_ObjectHideFlags: 0
  serializedVersion: 2
  m_Modification:
    m_TransformParent: {fileID: 0}
    m_Modifications:
    - target: {fileID: 4000012321423346, guid: 54b5297bbc1ef4c18ac5b10f7f9f2e8f, type: 2}
      propertyPath: m_LocalPosition.x
      value: -1.22
      objectReference: {fileID: 0}
    - target: {fileID: 4000012321423346, guid: 54b5297bbc1ef4c18ac5b10f7f9f2e8f, type: 2}
      propertyPath: m_LocalPosition.y
      value: 4.08
      objectReference: {fileID: 0}
    - target: {fileID: 4000012321423346, guid: 54b5297bbc1ef4c18ac5b10f7f9f2e8f, type: 2}
      propertyPath: m_LocalPosition.z
      value: -0.35
      objectReference: {fileID: 0}
    - target: {fileID: 4000012321423346, guid: 54b5297bbc1ef4c18ac5b10f7f9f2e8f, type: 2}
      propertyPath: m_LocalRotation.x
      value: -0
      objectReference: {fileID: 0}
    - target: {fileID: 4000012321423346, guid: 54b5297bbc1ef4c18ac5b10f7f9f2e8f, type: 2}
      propertyPath: m_LocalRotation.y
      value: -0
      objectReference: {fileID: 0}
    - target: {fileID: 4000012321423346, guid: 54b5297bbc1ef4c18ac5b10f7f9f2e8f, type: 2}
      propertyPath: m_LocalRotation.z
      value: 0.08750845
      objectReference: {fileID: 0}
    - target: {fileID: 4000012321423346, guid: 54b5297bbc1ef4c18ac5b10f7f9f2e8f, type: 2}
      propertyPath: m_LocalRotation.w
      value: 0.99616385
      objectReference: {fileID: 0}
    - target: {fileID: 4000012321423346, guid: 54b5297bbc1ef4c18ac5b10f7f9f2e8f, type: 2}
      propertyPath: m_RootOrder
      value: 26
      objectReference: {fileID: 0}
    - target: {fileID: 1000012975659404, guid: 54b5297bbc1ef4c18ac5b10f7f9f2e8f, type: 2}
      propertyPath: m_Name
      value: NewClippyBitch (16)
      objectReference: {fileID: 0}
    - target: {fileID: 114000012970484302, guid: 54b5297bbc1ef4c18ac5b10f7f9f2e8f,
        type: 2}
      propertyPath: isPlayer
      value: 0
      objectReference: {fileID: 0}
    - target: {fileID: 4000012321423346, guid: 54b5297bbc1ef4c18ac5b10f7f9f2e8f, type: 2}
      propertyPath: m_LocalEulerAnglesHint.z
      value: 9.786
      objectReference: {fileID: 0}
    - target: {fileID: 54000012024078546, guid: 54b5297bbc1ef4c18ac5b10f7f9f2e8f,
        type: 2}
      propertyPath: m_IsKinematic
      value: 0
      objectReference: {fileID: 0}
    - target: {fileID: 54000012024078546, guid: 54b5297bbc1ef4c18ac5b10f7f9f2e8f,
        type: 2}
      propertyPath: m_AngularDrag
      value: 0.5
      objectReference: {fileID: 0}
    - target: {fileID: 0}
      propertyPath: m_Controller
      value: 
      objectReference: {fileID: 9100000, guid: 23aedcd5a3dea4002af68bb84675a052, type: 2}
    - target: {fileID: 0}
      propertyPath: m_Enabled
      value: 1
      objectReference: {fileID: 0}
    - target: {fileID: 4000011325187302, guid: 54b5297bbc1ef4c18ac5b10f7f9f2e8f, type: 2}
      propertyPath: m_LocalPosition.x
      value: 0.000000044703
      objectReference: {fileID: 0}
    - target: {fileID: 4000011325187302, guid: 54b5297bbc1ef4c18ac5b10f7f9f2e8f, type: 2}
      propertyPath: m_LocalPosition.y
      value: -0.46449
      objectReference: {fileID: 0}
    - target: {fileID: 4000011325187302, guid: 54b5297bbc1ef4c18ac5b10f7f9f2e8f, type: 2}
      propertyPath: m_LocalScale.y
      value: 1
      objectReference: {fileID: 0}
    - target: {fileID: 4000011854048430, guid: 54b5297bbc1ef4c18ac5b10f7f9f2e8f, type: 2}
      propertyPath: m_LocalPosition.x
      value: -0
      objectReference: {fileID: 0}
    - target: {fileID: 4000011854048430, guid: 54b5297bbc1ef4c18ac5b10f7f9f2e8f, type: 2}
      propertyPath: m_LocalPosition.y
      value: 0.067
      objectReference: {fileID: 0}
    - target: {fileID: 1000012975659404, guid: 54b5297bbc1ef4c18ac5b10f7f9f2e8f, type: 2}
      propertyPath: m_IsActive
      value: 0
      objectReference: {fileID: 0}
    - target: {fileID: 4000013921910924, guid: 54b5297bbc1ef4c18ac5b10f7f9f2e8f, type: 2}
      propertyPath: m_LocalEulerAnglesHint.x
      value: 2.6354284
      objectReference: {fileID: 0}
    - target: {fileID: 4000013921910924, guid: 54b5297bbc1ef4c18ac5b10f7f9f2e8f, type: 2}
      propertyPath: m_LocalEulerAnglesHint.y
      value: -0.24285065
      objectReference: {fileID: 0}
    - target: {fileID: 4000013921910924, guid: 54b5297bbc1ef4c18ac5b10f7f9f2e8f, type: 2}
      propertyPath: m_LocalEulerAnglesHint.z
      value: -10.948238
      objectReference: {fileID: 0}
    - target: {fileID: 4000013508129558, guid: 54b5297bbc1ef4c18ac5b10f7f9f2e8f, type: 2}
      propertyPath: m_LocalEulerAnglesHint.x
      value: 19.468658
      objectReference: {fileID: 0}
    - target: {fileID: 4000013508129558, guid: 54b5297bbc1ef4c18ac5b10f7f9f2e8f, type: 2}
      propertyPath: m_LocalEulerAnglesHint.y
      value: 238.45972
      objectReference: {fileID: 0}
    - target: {fileID: 4000013508129558, guid: 54b5297bbc1ef4c18ac5b10f7f9f2e8f, type: 2}
      propertyPath: m_LocalEulerAnglesHint.z
      value: 235.4325
      objectReference: {fileID: 0}
    m_RemovedComponents:
    - {fileID: 0}
  m_ParentPrefab: {fileID: 100100000, guid: 54b5297bbc1ef4c18ac5b10f7f9f2e8f, type: 2}
  m_IsPrefabParent: 0
--- !u!1 &477267697
GameObject:
  m_ObjectHideFlags: 0
  m_PrefabParentObject: {fileID: 0}
  m_PrefabInternal: {fileID: 0}
  serializedVersion: 4
  m_Component:
  - 4: {fileID: 477267701}
  - 33: {fileID: 477267700}
  - 65: {fileID: 477267699}
  - 23: {fileID: 477267698}
  m_Layer: 0
  m_Name: Cube (1)
  m_TagString: Untagged
  m_Icon: {fileID: 0}
  m_NavMeshLayer: 0
  m_StaticEditorFlags: 0
  m_IsActive: 1
--- !u!23 &477267698
MeshRenderer:
  m_ObjectHideFlags: 0
  m_PrefabParentObject: {fileID: 0}
  m_PrefabInternal: {fileID: 0}
  m_GameObject: {fileID: 477267697}
  m_Enabled: 1
  m_CastShadows: 1
  m_ReceiveShadows: 1
  m_MotionVectors: 1
  m_LightProbeUsage: 1
  m_ReflectionProbeUsage: 1
  m_Materials:
  - {fileID: 10303, guid: 0000000000000000f000000000000000, type: 0}
  m_SubsetIndices: 
  m_StaticBatchRoot: {fileID: 0}
  m_ProbeAnchor: {fileID: 0}
  m_LightProbeVolumeOverride: {fileID: 0}
  m_ScaleInLightmap: 1
  m_PreserveUVs: 1
  m_IgnoreNormalsForChartDetection: 0
  m_ImportantGI: 0
  m_SelectedWireframeHidden: 0
  m_MinimumChartSize: 4
  m_AutoUVMaxDistance: 0.5
  m_AutoUVMaxAngle: 89
  m_LightmapParameters: {fileID: 0}
  m_SortingLayerID: 0
  m_SortingOrder: 0
--- !u!65 &477267699
BoxCollider:
  m_ObjectHideFlags: 0
  m_PrefabParentObject: {fileID: 0}
  m_PrefabInternal: {fileID: 0}
  m_GameObject: {fileID: 477267697}
  m_Material: {fileID: 0}
  m_IsTrigger: 0
  m_Enabled: 1
  serializedVersion: 2
  m_Size: {x: 1, y: 1, z: 1}
  m_Center: {x: 0, y: 0, z: 0}
--- !u!33 &477267700
MeshFilter:
  m_ObjectHideFlags: 0
  m_PrefabParentObject: {fileID: 0}
  m_PrefabInternal: {fileID: 0}
  m_GameObject: {fileID: 477267697}
  m_Mesh: {fileID: 10202, guid: 0000000000000000e000000000000000, type: 0}
--- !u!4 &477267701
Transform:
  m_ObjectHideFlags: 0
  m_PrefabParentObject: {fileID: 0}
  m_PrefabInternal: {fileID: 0}
  m_GameObject: {fileID: 477267697}
  m_LocalRotation: {x: 0, y: 0, z: 0.7071068, w: 0.7071068}
  m_LocalPosition: {x: -15.4, y: 0, z: 0.1}
  m_LocalScale: {x: 30, y: 1, z: 30}
  m_LocalEulerAnglesHint: {x: 0, y: 0, z: 90}
  m_Children: []
  m_Father: {fileID: 0}
  m_RootOrder: 5
--- !u!1001 &601675478
Prefab:
  m_ObjectHideFlags: 0
  serializedVersion: 2
  m_Modification:
    m_TransformParent: {fileID: 0}
    m_Modifications:
    - target: {fileID: 4000012321423346, guid: 54b5297bbc1ef4c18ac5b10f7f9f2e8f, type: 2}
      propertyPath: m_LocalPosition.x
      value: -0.28
      objectReference: {fileID: 0}
    - target: {fileID: 4000012321423346, guid: 54b5297bbc1ef4c18ac5b10f7f9f2e8f, type: 2}
      propertyPath: m_LocalPosition.y
      value: 1.44
      objectReference: {fileID: 0}
    - target: {fileID: 4000012321423346, guid: 54b5297bbc1ef4c18ac5b10f7f9f2e8f, type: 2}
      propertyPath: m_LocalPosition.z
      value: -1.83
      objectReference: {fileID: 0}
    - target: {fileID: 4000012321423346, guid: 54b5297bbc1ef4c18ac5b10f7f9f2e8f, type: 2}
      propertyPath: m_LocalRotation.x
      value: 0
      objectReference: {fileID: 0}
    - target: {fileID: 4000012321423346, guid: 54b5297bbc1ef4c18ac5b10f7f9f2e8f, type: 2}
      propertyPath: m_LocalRotation.y
      value: 0
      objectReference: {fileID: 0}
    - target: {fileID: 4000012321423346, guid: 54b5297bbc1ef4c18ac5b10f7f9f2e8f, type: 2}
      propertyPath: m_LocalRotation.z
      value: 0
      objectReference: {fileID: 0}
    - target: {fileID: 4000012321423346, guid: 54b5297bbc1ef4c18ac5b10f7f9f2e8f, type: 2}
      propertyPath: m_LocalRotation.w
      value: 1
      objectReference: {fileID: 0}
    - target: {fileID: 4000012321423346, guid: 54b5297bbc1ef4c18ac5b10f7f9f2e8f, type: 2}
      propertyPath: m_RootOrder
      value: 23
      objectReference: {fileID: 0}
    - target: {fileID: 1000012975659404, guid: 54b5297bbc1ef4c18ac5b10f7f9f2e8f, type: 2}
      propertyPath: m_IsActive
      value: 0
      objectReference: {fileID: 0}
    - target: {fileID: 54000012024078546, guid: 54b5297bbc1ef4c18ac5b10f7f9f2e8f,
        type: 2}
      propertyPath: m_IsKinematic
      value: 0
      objectReference: {fileID: 0}
    - target: {fileID: 1000012975659404, guid: 54b5297bbc1ef4c18ac5b10f7f9f2e8f, type: 2}
      propertyPath: m_Name
      value: NewClippyBitch (13)
      objectReference: {fileID: 0}
    m_RemovedComponents: []
  m_ParentPrefab: {fileID: 100100000, guid: 54b5297bbc1ef4c18ac5b10f7f9f2e8f, type: 2}
  m_IsPrefabParent: 0
--- !u!1001 &768456028
Prefab:
  m_ObjectHideFlags: 0
  serializedVersion: 2
  m_Modification:
    m_TransformParent: {fileID: 0}
    m_Modifications:
    - target: {fileID: 4000013935562040, guid: 18328f488cda043f7bd6704d9ed9d557, type: 2}
      propertyPath: m_LocalPosition.x
      value: 0
      objectReference: {fileID: 0}
    - target: {fileID: 4000013935562040, guid: 18328f488cda043f7bd6704d9ed9d557, type: 2}
      propertyPath: m_LocalPosition.y
      value: 0
      objectReference: {fileID: 0}
    - target: {fileID: 4000013935562040, guid: 18328f488cda043f7bd6704d9ed9d557, type: 2}
      propertyPath: m_LocalPosition.z
      value: 0
      objectReference: {fileID: 0}
    - target: {fileID: 4000013935562040, guid: 18328f488cda043f7bd6704d9ed9d557, type: 2}
      propertyPath: m_LocalRotation.x
      value: 0
      objectReference: {fileID: 0}
    - target: {fileID: 4000013935562040, guid: 18328f488cda043f7bd6704d9ed9d557, type: 2}
      propertyPath: m_LocalRotation.y
      value: 0
      objectReference: {fileID: 0}
    - target: {fileID: 4000013935562040, guid: 18328f488cda043f7bd6704d9ed9d557, type: 2}
      propertyPath: m_LocalRotation.z
      value: 0
      objectReference: {fileID: 0}
    - target: {fileID: 4000013935562040, guid: 18328f488cda043f7bd6704d9ed9d557, type: 2}
      propertyPath: m_LocalRotation.w
      value: 1
      objectReference: {fileID: 0}
    - target: {fileID: 4000013935562040, guid: 18328f488cda043f7bd6704d9ed9d557, type: 2}
      propertyPath: m_RootOrder
      value: 7
      objectReference: {fileID: 0}
    - target: {fileID: 114000011467236932, guid: 18328f488cda043f7bd6704d9ed9d557,
        type: 2}
      propertyPath: winZoneTransform
      value: 
      objectReference: {fileID: 369997004}
    m_RemovedComponents: []
  m_ParentPrefab: {fileID: 100100000, guid: 18328f488cda043f7bd6704d9ed9d557, type: 2}
  m_IsPrefabParent: 0
--- !u!1 &816592975
GameObject:
  m_ObjectHideFlags: 0
  m_PrefabParentObject: {fileID: 0}
  m_PrefabInternal: {fileID: 0}
  serializedVersion: 4
  m_Component:
  - 4: {fileID: 816592979}
  - 33: {fileID: 816592978}
  - 65: {fileID: 816592977}
  - 23: {fileID: 816592976}
  m_Layer: 0
  m_Name: Cube (4)
  m_TagString: Untagged
  m_Icon: {fileID: 0}
  m_NavMeshLayer: 0
  m_StaticEditorFlags: 0
  m_IsActive: 1
--- !u!23 &816592976
MeshRenderer:
  m_ObjectHideFlags: 0
  m_PrefabParentObject: {fileID: 0}
  m_PrefabInternal: {fileID: 0}
  m_GameObject: {fileID: 816592975}
  m_Enabled: 1
  m_CastShadows: 1
  m_ReceiveShadows: 1
  m_MotionVectors: 1
  m_LightProbeUsage: 1
  m_ReflectionProbeUsage: 1
  m_Materials:
  - {fileID: 10303, guid: 0000000000000000f000000000000000, type: 0}
  m_SubsetIndices: 
  m_StaticBatchRoot: {fileID: 0}
  m_ProbeAnchor: {fileID: 0}
  m_LightProbeVolumeOverride: {fileID: 0}
  m_ScaleInLightmap: 1
  m_PreserveUVs: 1
  m_IgnoreNormalsForChartDetection: 0
  m_ImportantGI: 0
  m_SelectedWireframeHidden: 0
  m_MinimumChartSize: 4
  m_AutoUVMaxDistance: 0.5
  m_AutoUVMaxAngle: 89
  m_LightmapParameters: {fileID: 0}
  m_SortingLayerID: 0
  m_SortingOrder: 0
--- !u!65 &816592977
BoxCollider:
  m_ObjectHideFlags: 0
  m_PrefabParentObject: {fileID: 0}
  m_PrefabInternal: {fileID: 0}
  m_GameObject: {fileID: 816592975}
  m_Material: {fileID: 0}
  m_IsTrigger: 0
  m_Enabled: 1
  serializedVersion: 2
  m_Size: {x: 1, y: 1, z: 1}
  m_Center: {x: 0, y: 0, z: 0}
--- !u!33 &816592978
MeshFilter:
  m_ObjectHideFlags: 0
  m_PrefabParentObject: {fileID: 0}
  m_PrefabInternal: {fileID: 0}
  m_GameObject: {fileID: 816592975}
  m_Mesh: {fileID: 10202, guid: 0000000000000000e000000000000000, type: 0}
--- !u!4 &816592979
Transform:
  m_ObjectHideFlags: 0
  m_PrefabParentObject: {fileID: 0}
  m_PrefabInternal: {fileID: 0}
  m_GameObject: {fileID: 816592975}
  m_LocalRotation: {x: -0.5315655, y: -0.5315656, z: 0.46630257, w: 0.46630254}
  m_LocalPosition: {x: -2.9, y: 0, z: 12.6}
  m_LocalScale: {x: 30, y: 1, z: 30}
  m_LocalEulerAnglesHint: {x: 0, y: -97.281006, z: 90.00001}
  m_Children: []
  m_Father: {fileID: 0}
  m_RootOrder: 29
--- !u!1001 &900423207
Prefab:
  m_ObjectHideFlags: 0
  serializedVersion: 2
  m_Modification:
    m_TransformParent: {fileID: 0}
    m_Modifications:
    - target: {fileID: 4000012321423346, guid: 54b5297bbc1ef4c18ac5b10f7f9f2e8f, type: 2}
      propertyPath: m_LocalPosition.x
      value: -1.78
      objectReference: {fileID: 0}
    - target: {fileID: 4000012321423346, guid: 54b5297bbc1ef4c18ac5b10f7f9f2e8f, type: 2}
      propertyPath: m_LocalPosition.y
      value: 4.59
      objectReference: {fileID: 0}
    - target: {fileID: 4000012321423346, guid: 54b5297bbc1ef4c18ac5b10f7f9f2e8f, type: 2}
      propertyPath: m_LocalPosition.z
      value: 1.12
      objectReference: {fileID: 0}
    - target: {fileID: 4000012321423346, guid: 54b5297bbc1ef4c18ac5b10f7f9f2e8f, type: 2}
      propertyPath: m_LocalRotation.x
      value: 0
      objectReference: {fileID: 0}
    - target: {fileID: 4000012321423346, guid: 54b5297bbc1ef4c18ac5b10f7f9f2e8f, type: 2}
      propertyPath: m_LocalRotation.y
      value: 0
      objectReference: {fileID: 0}
    - target: {fileID: 4000012321423346, guid: 54b5297bbc1ef4c18ac5b10f7f9f2e8f, type: 2}
      propertyPath: m_LocalRotation.z
      value: 0
      objectReference: {fileID: 0}
    - target: {fileID: 4000012321423346, guid: 54b5297bbc1ef4c18ac5b10f7f9f2e8f, type: 2}
      propertyPath: m_LocalRotation.w
      value: 1
      objectReference: {fileID: 0}
    - target: {fileID: 4000012321423346, guid: 54b5297bbc1ef4c18ac5b10f7f9f2e8f, type: 2}
      propertyPath: m_RootOrder
      value: 27
      objectReference: {fileID: 0}
    - target: {fileID: 1000012975659404, guid: 54b5297bbc1ef4c18ac5b10f7f9f2e8f, type: 2}
      propertyPath: m_IsActive
      value: 0
      objectReference: {fileID: 0}
    - target: {fileID: 54000012024078546, guid: 54b5297bbc1ef4c18ac5b10f7f9f2e8f,
        type: 2}
      propertyPath: m_IsKinematic
      value: 0
      objectReference: {fileID: 0}
    - target: {fileID: 1000012975659404, guid: 54b5297bbc1ef4c18ac5b10f7f9f2e8f, type: 2}
      propertyPath: m_Name
      value: NewClippyBitch (17)
      objectReference: {fileID: 0}
    - target: {fileID: 4000013508129558, guid: 54b5297bbc1ef4c18ac5b10f7f9f2e8f, type: 2}
      propertyPath: m_LocalEulerAnglesHint.x
      value: 0
      objectReference: {fileID: 0}
    - target: {fileID: 4000013508129558, guid: 54b5297bbc1ef4c18ac5b10f7f9f2e8f, type: 2}
      propertyPath: m_LocalEulerAnglesHint.y
      value: 0
      objectReference: {fileID: 0}
    - target: {fileID: 4000013508129558, guid: 54b5297bbc1ef4c18ac5b10f7f9f2e8f, type: 2}
      propertyPath: m_LocalEulerAnglesHint.z
      value: 0
      objectReference: {fileID: 0}
    - target: {fileID: 4000013921910924, guid: 54b5297bbc1ef4c18ac5b10f7f9f2e8f, type: 2}
      propertyPath: m_LocalEulerAnglesHint.x
      value: 0
      objectReference: {fileID: 0}
    - target: {fileID: 4000013921910924, guid: 54b5297bbc1ef4c18ac5b10f7f9f2e8f, type: 2}
      propertyPath: m_LocalEulerAnglesHint.y
      value: 0
      objectReference: {fileID: 0}
    - target: {fileID: 4000013921910924, guid: 54b5297bbc1ef4c18ac5b10f7f9f2e8f, type: 2}
      propertyPath: m_LocalEulerAnglesHint.z
      value: 0
      objectReference: {fileID: 0}
    m_RemovedComponents: []
  m_ParentPrefab: {fileID: 100100000, guid: 54b5297bbc1ef4c18ac5b10f7f9f2e8f, type: 2}
  m_IsPrefabParent: 0
--- !u!1001 &1115952945
Prefab:
  m_ObjectHideFlags: 0
  serializedVersion: 2
  m_Modification:
    m_TransformParent: {fileID: 0}
    m_Modifications:
    - target: {fileID: 4000012321423346, guid: 54b5297bbc1ef4c18ac5b10f7f9f2e8f, type: 2}
      propertyPath: m_LocalPosition.x
      value: 0.33
      objectReference: {fileID: 0}
    - target: {fileID: 4000012321423346, guid: 54b5297bbc1ef4c18ac5b10f7f9f2e8f, type: 2}
      propertyPath: m_LocalPosition.y
      value: 1.38
      objectReference: {fileID: 0}
    - target: {fileID: 4000012321423346, guid: 54b5297bbc1ef4c18ac5b10f7f9f2e8f, type: 2}
      propertyPath: m_LocalPosition.z
      value: -0.66
      objectReference: {fileID: 0}
    - target: {fileID: 4000012321423346, guid: 54b5297bbc1ef4c18ac5b10f7f9f2e8f, type: 2}
      propertyPath: m_LocalRotation.x
      value: -0
      objectReference: {fileID: 0}
    - target: {fileID: 4000012321423346, guid: 54b5297bbc1ef4c18ac5b10f7f9f2e8f, type: 2}
      propertyPath: m_LocalRotation.y
      value: -0
      objectReference: {fileID: 0}
    - target: {fileID: 4000012321423346, guid: 54b5297bbc1ef4c18ac5b10f7f9f2e8f, type: 2}
      propertyPath: m_LocalRotation.z
      value: 0.08750845
      objectReference: {fileID: 0}
    - target: {fileID: 4000012321423346, guid: 54b5297bbc1ef4c18ac5b10f7f9f2e8f, type: 2}
      propertyPath: m_LocalRotation.w
      value: 0.99616385
      objectReference: {fileID: 0}
    - target: {fileID: 4000012321423346, guid: 54b5297bbc1ef4c18ac5b10f7f9f2e8f, type: 2}
      propertyPath: m_RootOrder
      value: 22
      objectReference: {fileID: 0}
    - target: {fileID: 1000012975659404, guid: 54b5297bbc1ef4c18ac5b10f7f9f2e8f, type: 2}
      propertyPath: m_Name
      value: NewClippyBitch (12)
      objectReference: {fileID: 0}
    - target: {fileID: 114000012970484302, guid: 54b5297bbc1ef4c18ac5b10f7f9f2e8f,
        type: 2}
      propertyPath: isPlayer
      value: 0
      objectReference: {fileID: 0}
    - target: {fileID: 4000012321423346, guid: 54b5297bbc1ef4c18ac5b10f7f9f2e8f, type: 2}
      propertyPath: m_LocalEulerAnglesHint.z
      value: 9.786
      objectReference: {fileID: 0}
    - target: {fileID: 54000012024078546, guid: 54b5297bbc1ef4c18ac5b10f7f9f2e8f,
        type: 2}
      propertyPath: m_IsKinematic
      value: 0
      objectReference: {fileID: 0}
    - target: {fileID: 54000012024078546, guid: 54b5297bbc1ef4c18ac5b10f7f9f2e8f,
        type: 2}
      propertyPath: m_AngularDrag
      value: 0.5
      objectReference: {fileID: 0}
    - target: {fileID: 0}
      propertyPath: m_Controller
      value: 
      objectReference: {fileID: 9100000, guid: 23aedcd5a3dea4002af68bb84675a052, type: 2}
    - target: {fileID: 0}
      propertyPath: m_Enabled
      value: 1
      objectReference: {fileID: 0}
    - target: {fileID: 4000011325187302, guid: 54b5297bbc1ef4c18ac5b10f7f9f2e8f, type: 2}
      propertyPath: m_LocalPosition.x
      value: 0.000000044703
      objectReference: {fileID: 0}
    - target: {fileID: 4000011325187302, guid: 54b5297bbc1ef4c18ac5b10f7f9f2e8f, type: 2}
      propertyPath: m_LocalPosition.y
      value: -0.46449
      objectReference: {fileID: 0}
    - target: {fileID: 4000011325187302, guid: 54b5297bbc1ef4c18ac5b10f7f9f2e8f, type: 2}
      propertyPath: m_LocalScale.y
      value: 1
      objectReference: {fileID: 0}
    - target: {fileID: 4000011854048430, guid: 54b5297bbc1ef4c18ac5b10f7f9f2e8f, type: 2}
      propertyPath: m_LocalPosition.x
      value: -0
      objectReference: {fileID: 0}
    - target: {fileID: 4000011854048430, guid: 54b5297bbc1ef4c18ac5b10f7f9f2e8f, type: 2}
      propertyPath: m_LocalPosition.y
      value: 0.067
      objectReference: {fileID: 0}
    - target: {fileID: 1000012975659404, guid: 54b5297bbc1ef4c18ac5b10f7f9f2e8f, type: 2}
      propertyPath: m_IsActive
      value: 0
      objectReference: {fileID: 0}
    - target: {fileID: 4000013921910924, guid: 54b5297bbc1ef4c18ac5b10f7f9f2e8f, type: 2}
      propertyPath: m_LocalEulerAnglesHint.x
      value: 2.6354284
      objectReference: {fileID: 0}
    - target: {fileID: 4000013921910924, guid: 54b5297bbc1ef4c18ac5b10f7f9f2e8f, type: 2}
      propertyPath: m_LocalEulerAnglesHint.y
      value: -0.24285065
      objectReference: {fileID: 0}
    - target: {fileID: 4000013921910924, guid: 54b5297bbc1ef4c18ac5b10f7f9f2e8f, type: 2}
      propertyPath: m_LocalEulerAnglesHint.z
      value: -10.948238
      objectReference: {fileID: 0}
    - target: {fileID: 4000013508129558, guid: 54b5297bbc1ef4c18ac5b10f7f9f2e8f, type: 2}
      propertyPath: m_LocalEulerAnglesHint.x
      value: 19.468658
      objectReference: {fileID: 0}
    - target: {fileID: 4000013508129558, guid: 54b5297bbc1ef4c18ac5b10f7f9f2e8f, type: 2}
      propertyPath: m_LocalEulerAnglesHint.y
      value: 238.45972
      objectReference: {fileID: 0}
    - target: {fileID: 4000013508129558, guid: 54b5297bbc1ef4c18ac5b10f7f9f2e8f, type: 2}
      propertyPath: m_LocalEulerAnglesHint.z
      value: 235.4325
      objectReference: {fileID: 0}
    m_RemovedComponents:
    - {fileID: 0}
  m_ParentPrefab: {fileID: 100100000, guid: 54b5297bbc1ef4c18ac5b10f7f9f2e8f, type: 2}
  m_IsPrefabParent: 0
--- !u!1001 &1125072663
Prefab:
  m_ObjectHideFlags: 0
  serializedVersion: 2
  m_Modification:
    m_TransformParent: {fileID: 0}
    m_Modifications:
    - target: {fileID: 4000012321423346, guid: 54b5297bbc1ef4c18ac5b10f7f9f2e8f, type: 2}
      propertyPath: m_LocalPosition.x
      value: 0
      objectReference: {fileID: 0}
    - target: {fileID: 4000012321423346, guid: 54b5297bbc1ef4c18ac5b10f7f9f2e8f, type: 2}
      propertyPath: m_LocalPosition.y
      value: 3.329
      objectReference: {fileID: 0}
    - target: {fileID: 4000012321423346, guid: 54b5297bbc1ef4c18ac5b10f7f9f2e8f, type: 2}
      propertyPath: m_LocalPosition.z
      value: 0
      objectReference: {fileID: 0}
    - target: {fileID: 4000012321423346, guid: 54b5297bbc1ef4c18ac5b10f7f9f2e8f, type: 2}
      propertyPath: m_LocalRotation.x
      value: 0
      objectReference: {fileID: 0}
    - target: {fileID: 4000012321423346, guid: 54b5297bbc1ef4c18ac5b10f7f9f2e8f, type: 2}
      propertyPath: m_LocalRotation.y
      value: 0
      objectReference: {fileID: 0}
    - target: {fileID: 4000012321423346, guid: 54b5297bbc1ef4c18ac5b10f7f9f2e8f, type: 2}
      propertyPath: m_LocalRotation.z
      value: 0
      objectReference: {fileID: 0}
    - target: {fileID: 4000012321423346, guid: 54b5297bbc1ef4c18ac5b10f7f9f2e8f, type: 2}
      propertyPath: m_LocalRotation.w
      value: 1
      objectReference: {fileID: 0}
    - target: {fileID: 4000012321423346, guid: 54b5297bbc1ef4c18ac5b10f7f9f2e8f, type: 2}
      propertyPath: m_RootOrder
      value: 11
      objectReference: {fileID: 0}
    - target: {fileID: 1000012975659404, guid: 54b5297bbc1ef4c18ac5b10f7f9f2e8f, type: 2}
      propertyPath: m_IsActive
      value: 0
      objectReference: {fileID: 0}
    m_RemovedComponents: []
  m_ParentPrefab: {fileID: 100100000, guid: 54b5297bbc1ef4c18ac5b10f7f9f2e8f, type: 2}
  m_IsPrefabParent: 0
--- !u!1001 &1239012767
Prefab:
  m_ObjectHideFlags: 0
  serializedVersion: 2
  m_Modification:
    m_TransformParent: {fileID: 0}
    m_Modifications:
    - target: {fileID: 4000012321423346, guid: 54b5297bbc1ef4c18ac5b10f7f9f2e8f, type: 2}
      propertyPath: m_LocalPosition.x
      value: -0.48
      objectReference: {fileID: 0}
    - target: {fileID: 4000012321423346, guid: 54b5297bbc1ef4c18ac5b10f7f9f2e8f, type: 2}
      propertyPath: m_LocalPosition.y
      value: 2.0030963
      objectReference: {fileID: 0}
    - target: {fileID: 4000012321423346, guid: 54b5297bbc1ef4c18ac5b10f7f9f2e8f, type: 2}
      propertyPath: m_LocalPosition.z
      value: -2.22
      objectReference: {fileID: 0}
    - target: {fileID: 4000012321423346, guid: 54b5297bbc1ef4c18ac5b10f7f9f2e8f, type: 2}
      propertyPath: m_LocalRotation.x
      value: -0
      objectReference: {fileID: 0}
    - target: {fileID: 4000012321423346, guid: 54b5297bbc1ef4c18ac5b10f7f9f2e8f, type: 2}
      propertyPath: m_LocalRotation.y
      value: -0
      objectReference: {fileID: 0}
    - target: {fileID: 4000012321423346, guid: 54b5297bbc1ef4c18ac5b10f7f9f2e8f, type: 2}
      propertyPath: m_LocalRotation.z
      value: 0.08750845
      objectReference: {fileID: 0}
    - target: {fileID: 4000012321423346, guid: 54b5297bbc1ef4c18ac5b10f7f9f2e8f, type: 2}
      propertyPath: m_LocalRotation.w
      value: 0.99616385
      objectReference: {fileID: 0}
    - target: {fileID: 4000012321423346, guid: 54b5297bbc1ef4c18ac5b10f7f9f2e8f, type: 2}
      propertyPath: m_RootOrder
      value: 21
      objectReference: {fileID: 0}
    - target: {fileID: 1000012975659404, guid: 54b5297bbc1ef4c18ac5b10f7f9f2e8f, type: 2}
      propertyPath: m_Name
      value: NewClippyBitch (11)
      objectReference: {fileID: 0}
    - target: {fileID: 114000012970484302, guid: 54b5297bbc1ef4c18ac5b10f7f9f2e8f,
        type: 2}
      propertyPath: isPlayer
      value: 0
      objectReference: {fileID: 0}
    - target: {fileID: 4000012321423346, guid: 54b5297bbc1ef4c18ac5b10f7f9f2e8f, type: 2}
      propertyPath: m_LocalEulerAnglesHint.z
      value: 9.786
      objectReference: {fileID: 0}
    - target: {fileID: 54000012024078546, guid: 54b5297bbc1ef4c18ac5b10f7f9f2e8f,
        type: 2}
      propertyPath: m_IsKinematic
      value: 0
      objectReference: {fileID: 0}
    - target: {fileID: 54000012024078546, guid: 54b5297bbc1ef4c18ac5b10f7f9f2e8f,
        type: 2}
      propertyPath: m_AngularDrag
      value: 0.5
      objectReference: {fileID: 0}
    - target: {fileID: 0}
      propertyPath: m_Controller
      value: 
      objectReference: {fileID: 9100000, guid: 23aedcd5a3dea4002af68bb84675a052, type: 2}
    - target: {fileID: 0}
      propertyPath: m_Enabled
      value: 1
      objectReference: {fileID: 0}
    - target: {fileID: 4000011325187302, guid: 54b5297bbc1ef4c18ac5b10f7f9f2e8f, type: 2}
      propertyPath: m_LocalPosition.x
      value: 0.000000044703
      objectReference: {fileID: 0}
    - target: {fileID: 4000011325187302, guid: 54b5297bbc1ef4c18ac5b10f7f9f2e8f, type: 2}
      propertyPath: m_LocalPosition.y
      value: -0.46449
      objectReference: {fileID: 0}
    - target: {fileID: 4000011325187302, guid: 54b5297bbc1ef4c18ac5b10f7f9f2e8f, type: 2}
      propertyPath: m_LocalScale.y
      value: 1
      objectReference: {fileID: 0}
    - target: {fileID: 4000011854048430, guid: 54b5297bbc1ef4c18ac5b10f7f9f2e8f, type: 2}
      propertyPath: m_LocalPosition.x
      value: -0
      objectReference: {fileID: 0}
    - target: {fileID: 4000011854048430, guid: 54b5297bbc1ef4c18ac5b10f7f9f2e8f, type: 2}
      propertyPath: m_LocalPosition.y
      value: 0.067
      objectReference: {fileID: 0}
    - target: {fileID: 1000012975659404, guid: 54b5297bbc1ef4c18ac5b10f7f9f2e8f, type: 2}
      propertyPath: m_IsActive
      value: 0
      objectReference: {fileID: 0}
    - target: {fileID: 4000013921910924, guid: 54b5297bbc1ef4c18ac5b10f7f9f2e8f, type: 2}
      propertyPath: m_LocalEulerAnglesHint.x
      value: 2.6354284
      objectReference: {fileID: 0}
    - target: {fileID: 4000013921910924, guid: 54b5297bbc1ef4c18ac5b10f7f9f2e8f, type: 2}
      propertyPath: m_LocalEulerAnglesHint.y
      value: -0.24285065
      objectReference: {fileID: 0}
    - target: {fileID: 4000013921910924, guid: 54b5297bbc1ef4c18ac5b10f7f9f2e8f, type: 2}
      propertyPath: m_LocalEulerAnglesHint.z
      value: -10.948238
      objectReference: {fileID: 0}
    - target: {fileID: 4000013508129558, guid: 54b5297bbc1ef4c18ac5b10f7f9f2e8f, type: 2}
      propertyPath: m_LocalEulerAnglesHint.x
      value: 19.468658
      objectReference: {fileID: 0}
    - target: {fileID: 4000013508129558, guid: 54b5297bbc1ef4c18ac5b10f7f9f2e8f, type: 2}
      propertyPath: m_LocalEulerAnglesHint.y
      value: 238.45972
      objectReference: {fileID: 0}
    - target: {fileID: 4000013508129558, guid: 54b5297bbc1ef4c18ac5b10f7f9f2e8f, type: 2}
      propertyPath: m_LocalEulerAnglesHint.z
      value: 235.4325
      objectReference: {fileID: 0}
    m_RemovedComponents:
    - {fileID: 0}
  m_ParentPrefab: {fileID: 100100000, guid: 54b5297bbc1ef4c18ac5b10f7f9f2e8f, type: 2}
  m_IsPrefabParent: 0
--- !u!1001 &1252757133
Prefab:
  m_ObjectHideFlags: 0
  serializedVersion: 2
  m_Modification:
    m_TransformParent: {fileID: 0}
    m_Modifications:
    - target: {fileID: 4000012321423346, guid: 54b5297bbc1ef4c18ac5b10f7f9f2e8f, type: 2}
      propertyPath: m_LocalPosition.x
      value: -1.04
      objectReference: {fileID: 0}
    - target: {fileID: 4000012321423346, guid: 54b5297bbc1ef4c18ac5b10f7f9f2e8f, type: 2}
      propertyPath: m_LocalPosition.y
      value: 2.51
      objectReference: {fileID: 0}
    - target: {fileID: 4000012321423346, guid: 54b5297bbc1ef4c18ac5b10f7f9f2e8f, type: 2}
      propertyPath: m_LocalPosition.z
      value: -0.75
      objectReference: {fileID: 0}
    - target: {fileID: 4000012321423346, guid: 54b5297bbc1ef4c18ac5b10f7f9f2e8f, type: 2}
      propertyPath: m_LocalRotation.x
      value: 0
      objectReference: {fileID: 0}
    - target: {fileID: 4000012321423346, guid: 54b5297bbc1ef4c18ac5b10f7f9f2e8f, type: 2}
      propertyPath: m_LocalRotation.y
      value: 0
      objectReference: {fileID: 0}
    - target: {fileID: 4000012321423346, guid: 54b5297bbc1ef4c18ac5b10f7f9f2e8f, type: 2}
      propertyPath: m_LocalRotation.z
      value: 0
      objectReference: {fileID: 0}
    - target: {fileID: 4000012321423346, guid: 54b5297bbc1ef4c18ac5b10f7f9f2e8f, type: 2}
      propertyPath: m_LocalRotation.w
      value: 1
      objectReference: {fileID: 0}
    - target: {fileID: 4000012321423346, guid: 54b5297bbc1ef4c18ac5b10f7f9f2e8f, type: 2}
      propertyPath: m_RootOrder
      value: 20
      objectReference: {fileID: 0}
    - target: {fileID: 1000012975659404, guid: 54b5297bbc1ef4c18ac5b10f7f9f2e8f, type: 2}
      propertyPath: m_IsActive
      value: 0
      objectReference: {fileID: 0}
    - target: {fileID: 54000012024078546, guid: 54b5297bbc1ef4c18ac5b10f7f9f2e8f,
        type: 2}
      propertyPath: m_IsKinematic
      value: 0
      objectReference: {fileID: 0}
    - target: {fileID: 1000012975659404, guid: 54b5297bbc1ef4c18ac5b10f7f9f2e8f, type: 2}
      propertyPath: m_Name
      value: NewClippyBitch (10)
      objectReference: {fileID: 0}
    m_RemovedComponents: []
  m_ParentPrefab: {fileID: 100100000, guid: 54b5297bbc1ef4c18ac5b10f7f9f2e8f, type: 2}
  m_IsPrefabParent: 0
--- !u!1001 &1282007834
Prefab:
  m_ObjectHideFlags: 0
  serializedVersion: 2
  m_Modification:
    m_TransformParent: {fileID: 0}
    m_Modifications:
    - target: {fileID: 4000012321423346, guid: 54b5297bbc1ef4c18ac5b10f7f9f2e8f, type: 2}
      propertyPath: m_LocalPosition.x
      value: -1.02
      objectReference: {fileID: 0}
    - target: {fileID: 4000012321423346, guid: 54b5297bbc1ef4c18ac5b10f7f9f2e8f, type: 2}
      propertyPath: m_LocalPosition.y
      value: 3.52
      objectReference: {fileID: 0}
    - target: {fileID: 4000012321423346, guid: 54b5297bbc1ef4c18ac5b10f7f9f2e8f, type: 2}
      propertyPath: m_LocalPosition.z
      value: -10.59
      objectReference: {fileID: 0}
    - target: {fileID: 4000012321423346, guid: 54b5297bbc1ef4c18ac5b10f7f9f2e8f, type: 2}
      propertyPath: m_LocalRotation.x
      value: 0
      objectReference: {fileID: 0}
    - target: {fileID: 4000012321423346, guid: 54b5297bbc1ef4c18ac5b10f7f9f2e8f, type: 2}
      propertyPath: m_LocalRotation.y
      value: 0
      objectReference: {fileID: 0}
    - target: {fileID: 4000012321423346, guid: 54b5297bbc1ef4c18ac5b10f7f9f2e8f, type: 2}
      propertyPath: m_LocalRotation.z
      value: 0
      objectReference: {fileID: 0}
    - target: {fileID: 4000012321423346, guid: 54b5297bbc1ef4c18ac5b10f7f9f2e8f, type: 2}
      propertyPath: m_LocalRotation.w
      value: 1
      objectReference: {fileID: 0}
    - target: {fileID: 4000012321423346, guid: 54b5297bbc1ef4c18ac5b10f7f9f2e8f, type: 2}
      propertyPath: m_RootOrder
      value: 24
      objectReference: {fileID: 0}
    - target: {fileID: 1000012975659404, guid: 54b5297bbc1ef4c18ac5b10f7f9f2e8f, type: 2}
      propertyPath: m_IsActive
      value: 0
      objectReference: {fileID: 0}
    - target: {fileID: 54000012024078546, guid: 54b5297bbc1ef4c18ac5b10f7f9f2e8f,
        type: 2}
      propertyPath: m_IsKinematic
      value: 0
      objectReference: {fileID: 0}
    - target: {fileID: 1000012975659404, guid: 54b5297bbc1ef4c18ac5b10f7f9f2e8f, type: 2}
      propertyPath: m_Name
      value: NewClippyBitch (14)
      objectReference: {fileID: 0}
    m_RemovedComponents: []
  m_ParentPrefab: {fileID: 100100000, guid: 54b5297bbc1ef4c18ac5b10f7f9f2e8f, type: 2}
  m_IsPrefabParent: 0
--- !u!1001 &1448050986
Prefab:
  m_ObjectHideFlags: 0
  serializedVersion: 2
  m_Modification:
    m_TransformParent: {fileID: 0}
    m_Modifications:
    - target: {fileID: 4000012321423346, guid: 54b5297bbc1ef4c18ac5b10f7f9f2e8f, type: 2}
      propertyPath: m_LocalPosition.x
      value: -0.91
      objectReference: {fileID: 0}
    - target: {fileID: 4000012321423346, guid: 54b5297bbc1ef4c18ac5b10f7f9f2e8f, type: 2}
      propertyPath: m_LocalPosition.y
      value: 1.38
      objectReference: {fileID: 0}
    - target: {fileID: 4000012321423346, guid: 54b5297bbc1ef4c18ac5b10f7f9f2e8f, type: 2}
      propertyPath: m_LocalPosition.z
      value: 1.56
      objectReference: {fileID: 0}
    - target: {fileID: 4000012321423346, guid: 54b5297bbc1ef4c18ac5b10f7f9f2e8f, type: 2}
      propertyPath: m_LocalRotation.x
      value: -0
      objectReference: {fileID: 0}
    - target: {fileID: 4000012321423346, guid: 54b5297bbc1ef4c18ac5b10f7f9f2e8f, type: 2}
      propertyPath: m_LocalRotation.y
      value: -0
      objectReference: {fileID: 0}
    - target: {fileID: 4000012321423346, guid: 54b5297bbc1ef4c18ac5b10f7f9f2e8f, type: 2}
      propertyPath: m_LocalRotation.z
      value: 0.08750845
      objectReference: {fileID: 0}
    - target: {fileID: 4000012321423346, guid: 54b5297bbc1ef4c18ac5b10f7f9f2e8f, type: 2}
      propertyPath: m_LocalRotation.w
      value: 0.99616385
      objectReference: {fileID: 0}
    - target: {fileID: 4000012321423346, guid: 54b5297bbc1ef4c18ac5b10f7f9f2e8f, type: 2}
      propertyPath: m_RootOrder
      value: 14
      objectReference: {fileID: 0}
    - target: {fileID: 1000012975659404, guid: 54b5297bbc1ef4c18ac5b10f7f9f2e8f, type: 2}
      propertyPath: m_Name
      value: NewClippyBitch (4)
      objectReference: {fileID: 0}
    - target: {fileID: 114000012970484302, guid: 54b5297bbc1ef4c18ac5b10f7f9f2e8f,
        type: 2}
      propertyPath: isPlayer
      value: 0
      objectReference: {fileID: 0}
    - target: {fileID: 4000012321423346, guid: 54b5297bbc1ef4c18ac5b10f7f9f2e8f, type: 2}
      propertyPath: m_LocalEulerAnglesHint.z
      value: 9.786
      objectReference: {fileID: 0}
    - target: {fileID: 54000012024078546, guid: 54b5297bbc1ef4c18ac5b10f7f9f2e8f,
        type: 2}
      propertyPath: m_IsKinematic
      value: 0
      objectReference: {fileID: 0}
    - target: {fileID: 54000012024078546, guid: 54b5297bbc1ef4c18ac5b10f7f9f2e8f,
        type: 2}
      propertyPath: m_AngularDrag
      value: 0.5
      objectReference: {fileID: 0}
    - target: {fileID: 0}
      propertyPath: m_Controller
      value: 
      objectReference: {fileID: 9100000, guid: 23aedcd5a3dea4002af68bb84675a052, type: 2}
    - target: {fileID: 0}
      propertyPath: m_Enabled
      value: 1
      objectReference: {fileID: 0}
    - target: {fileID: 4000011325187302, guid: 54b5297bbc1ef4c18ac5b10f7f9f2e8f, type: 2}
      propertyPath: m_LocalPosition.x
      value: 0.000000044703
      objectReference: {fileID: 0}
    - target: {fileID: 4000011325187302, guid: 54b5297bbc1ef4c18ac5b10f7f9f2e8f, type: 2}
      propertyPath: m_LocalPosition.y
      value: -0.46449
      objectReference: {fileID: 0}
    - target: {fileID: 4000011325187302, guid: 54b5297bbc1ef4c18ac5b10f7f9f2e8f, type: 2}
      propertyPath: m_LocalScale.y
      value: 1
      objectReference: {fileID: 0}
    - target: {fileID: 4000011854048430, guid: 54b5297bbc1ef4c18ac5b10f7f9f2e8f, type: 2}
      propertyPath: m_LocalPosition.x
      value: -0
      objectReference: {fileID: 0}
    - target: {fileID: 4000011854048430, guid: 54b5297bbc1ef4c18ac5b10f7f9f2e8f, type: 2}
      propertyPath: m_LocalPosition.y
      value: 0.067
      objectReference: {fileID: 0}
    - target: {fileID: 1000012975659404, guid: 54b5297bbc1ef4c18ac5b10f7f9f2e8f, type: 2}
      propertyPath: m_IsActive
      value: 0
      objectReference: {fileID: 0}
    - target: {fileID: 4000013921910924, guid: 54b5297bbc1ef4c18ac5b10f7f9f2e8f, type: 2}
      propertyPath: m_LocalEulerAnglesHint.x
      value: 2.6354284
      objectReference: {fileID: 0}
    - target: {fileID: 4000013921910924, guid: 54b5297bbc1ef4c18ac5b10f7f9f2e8f, type: 2}
      propertyPath: m_LocalEulerAnglesHint.y
      value: -0.24285065
      objectReference: {fileID: 0}
    - target: {fileID: 4000013921910924, guid: 54b5297bbc1ef4c18ac5b10f7f9f2e8f, type: 2}
      propertyPath: m_LocalEulerAnglesHint.z
      value: -10.948238
      objectReference: {fileID: 0}
    - target: {fileID: 4000013508129558, guid: 54b5297bbc1ef4c18ac5b10f7f9f2e8f, type: 2}
      propertyPath: m_LocalEulerAnglesHint.x
      value: 19.468658
      objectReference: {fileID: 0}
    - target: {fileID: 4000013508129558, guid: 54b5297bbc1ef4c18ac5b10f7f9f2e8f, type: 2}
      propertyPath: m_LocalEulerAnglesHint.y
      value: 238.45972
      objectReference: {fileID: 0}
    - target: {fileID: 4000013508129558, guid: 54b5297bbc1ef4c18ac5b10f7f9f2e8f, type: 2}
      propertyPath: m_LocalEulerAnglesHint.z
      value: 235.4325
      objectReference: {fileID: 0}
    m_RemovedComponents:
    - {fileID: 0}
  m_ParentPrefab: {fileID: 100100000, guid: 54b5297bbc1ef4c18ac5b10f7f9f2e8f, type: 2}
  m_IsPrefabParent: 0
--- !u!1001 &1485577121
Prefab:
  m_ObjectHideFlags: 0
  serializedVersion: 2
  m_Modification:
    m_TransformParent: {fileID: 0}
    m_Modifications:
    - target: {fileID: 4000010044927614, guid: 24081e7304c7a6c409df4001cb19e399, type: 2}
      propertyPath: m_LocalPosition.x
      value: -6.57
      objectReference: {fileID: 0}
    - target: {fileID: 4000010044927614, guid: 24081e7304c7a6c409df4001cb19e399, type: 2}
      propertyPath: m_LocalPosition.y
      value: -0.20992732
      objectReference: {fileID: 0}
    - target: {fileID: 4000010044927614, guid: 24081e7304c7a6c409df4001cb19e399, type: 2}
      propertyPath: m_LocalPosition.z
      value: 0.624
      objectReference: {fileID: 0}
    - target: {fileID: 4000010044927614, guid: 24081e7304c7a6c409df4001cb19e399, type: 2}
      propertyPath: m_LocalRotation.x
      value: 0
      objectReference: {fileID: 0}
    - target: {fileID: 4000010044927614, guid: 24081e7304c7a6c409df4001cb19e399, type: 2}
      propertyPath: m_LocalRotation.y
      value: 0
      objectReference: {fileID: 0}
    - target: {fileID: 4000010044927614, guid: 24081e7304c7a6c409df4001cb19e399, type: 2}
      propertyPath: m_LocalRotation.z
      value: 0
      objectReference: {fileID: 0}
    - target: {fileID: 4000010044927614, guid: 24081e7304c7a6c409df4001cb19e399, type: 2}
      propertyPath: m_LocalRotation.w
      value: 1
      objectReference: {fileID: 0}
    - target: {fileID: 4000010044927614, guid: 24081e7304c7a6c409df4001cb19e399, type: 2}
      propertyPath: m_RootOrder
      value: 1
      objectReference: {fileID: 0}
    m_RemovedComponents: []
  m_ParentPrefab: {fileID: 100100000, guid: 24081e7304c7a6c409df4001cb19e399, type: 2}
  m_IsPrefabParent: 0
--- !u!1 &1540327067
GameObject:
  m_ObjectHideFlags: 0
  m_PrefabParentObject: {fileID: 0}
  m_PrefabInternal: {fileID: 0}
  serializedVersion: 4
  m_Component:
  - 4: {fileID: 1540327069}
  - 108: {fileID: 1540327068}
  m_Layer: 0
  m_Name: Directional light
  m_TagString: Untagged
  m_Icon: {fileID: 0}
  m_NavMeshLayer: 0
  m_StaticEditorFlags: 0
  m_IsActive: 1
--- !u!108 &1540327068
Light:
  m_ObjectHideFlags: 0
  m_PrefabParentObject: {fileID: 0}
  m_PrefabInternal: {fileID: 0}
  m_GameObject: {fileID: 1540327067}
  m_Enabled: 1
  serializedVersion: 7
  m_Type: 1
  m_Color: {r: 1, g: 1, b: 1, a: 1}
  m_Intensity: 1
  m_Range: 10
  m_SpotAngle: 30
  m_CookieSize: 10
  m_Shadows:
    m_Type: 0
    m_Resolution: -1
    m_CustomResolution: -1
    m_Strength: 1
    m_Bias: 0.05
    m_NormalBias: 0.4
    m_NearPlane: 0.2
  m_Cookie: {fileID: 0}
  m_DrawHalo: 0
  m_Flare: {fileID: 0}
  m_RenderMode: 0
  m_CullingMask:
    serializedVersion: 2
    m_Bits: 4294967295
  m_Lightmapping: 4
  m_AreaSize: {x: 1, y: 1}
  m_BounceIntensity: 1
  m_ShadowRadius: 0
  m_ShadowAngle: 0
--- !u!4 &1540327069
Transform:
  m_ObjectHideFlags: 0
  m_PrefabParentObject: {fileID: 0}
  m_PrefabInternal: {fileID: 0}
  m_GameObject: {fileID: 1540327067}
  m_LocalRotation: {x: 0.8815213, y: -0.25976115, z: 0.27134633, w: 0.2860344}
  m_LocalPosition: {x: -5.6, y: 34.2, z: 4.6}
  m_LocalScale: {x: 1, y: 1, z: 1}
  m_LocalEulerAnglesHint: {x: 40.181004, y: 154.57701, z: 203.129}
  m_Children: []
  m_Father: {fileID: 0}
  m_RootOrder: 30
--- !u!1 &1613114075
GameObject:
  m_ObjectHideFlags: 0
  m_PrefabParentObject: {fileID: 0}
  m_PrefabInternal: {fileID: 0}
  serializedVersion: 4
  m_Component:
  - 4: {fileID: 1613114079}
  - 33: {fileID: 1613114078}
  - 65: {fileID: 1613114077}
  - 23: {fileID: 1613114076}
  m_Layer: 0
  m_Name: Cube (2)
  m_TagString: Untagged
  m_Icon: {fileID: 0}
  m_NavMeshLayer: 0
  m_StaticEditorFlags: 0
  m_IsActive: 1
--- !u!23 &1613114076
MeshRenderer:
  m_ObjectHideFlags: 0
  m_PrefabParentObject: {fileID: 0}
  m_PrefabInternal: {fileID: 0}
  m_GameObject: {fileID: 1613114075}
  m_Enabled: 1
  m_CastShadows: 1
  m_ReceiveShadows: 1
  m_MotionVectors: 1
  m_LightProbeUsage: 1
  m_ReflectionProbeUsage: 1
  m_Materials:
  - {fileID: 10303, guid: 0000000000000000f000000000000000, type: 0}
  m_SubsetIndices: 
  m_StaticBatchRoot: {fileID: 0}
  m_ProbeAnchor: {fileID: 0}
  m_LightProbeVolumeOverride: {fileID: 0}
  m_ScaleInLightmap: 1
  m_PreserveUVs: 1
  m_IgnoreNormalsForChartDetection: 0
  m_ImportantGI: 0
  m_SelectedWireframeHidden: 0
  m_MinimumChartSize: 4
  m_AutoUVMaxDistance: 0.5
  m_AutoUVMaxAngle: 89
  m_LightmapParameters: {fileID: 0}
  m_SortingLayerID: 0
  m_SortingOrder: 0
--- !u!65 &1613114077
BoxCollider:
  m_ObjectHideFlags: 0
  m_PrefabParentObject: {fileID: 0}
  m_PrefabInternal: {fileID: 0}
  m_GameObject: {fileID: 1613114075}
  m_Material: {fileID: 0}
  m_IsTrigger: 0
  m_Enabled: 1
  serializedVersion: 2
  m_Size: {x: 1, y: 1, z: 1}
  m_Center: {x: 0, y: 0, z: 0}
--- !u!33 &1613114078
MeshFilter:
  m_ObjectHideFlags: 0
  m_PrefabParentObject: {fileID: 0}
  m_PrefabInternal: {fileID: 0}
  m_GameObject: {fileID: 1613114075}
  m_Mesh: {fileID: 10202, guid: 0000000000000000e000000000000000, type: 0}
--- !u!4 &1613114079
Transform:
  m_ObjectHideFlags: 0
  m_PrefabParentObject: {fileID: 0}
  m_PrefabInternal: {fileID: 0}
  m_GameObject: {fileID: 1613114075}
  m_LocalRotation: {x: -0.2715319, y: -0.27153197, z: 0.6528939, w: 0.6528939}
  m_LocalPosition: {x: 11.1, y: 0, z: 4.6}
  m_LocalScale: {x: 30, y: 1, z: 30}
  m_LocalEulerAnglesHint: {x: 0, y: -45.382004, z: 90.00001}
  m_Children: []
  m_Father: {fileID: 0}
  m_RootOrder: 6
--- !u!1 &1621473220
GameObject:
  m_ObjectHideFlags: 0
  m_PrefabParentObject: {fileID: 0}
  m_PrefabInternal: {fileID: 0}
  serializedVersion: 4
  m_Component:
  - 4: {fileID: 1621473224}
  - 33: {fileID: 1621473223}
  - 65: {fileID: 1621473222}
  - 23: {fileID: 1621473221}
  m_Layer: 0
  m_Name: Cube (3)
  m_TagString: Untagged
  m_Icon: {fileID: 0}
  m_NavMeshLayer: 0
  m_StaticEditorFlags: 0
  m_IsActive: 1
--- !u!23 &1621473221
MeshRenderer:
  m_ObjectHideFlags: 0
  m_PrefabParentObject: {fileID: 0}
  m_PrefabInternal: {fileID: 0}
  m_GameObject: {fileID: 1621473220}
  m_Enabled: 1
  m_CastShadows: 1
  m_ReceiveShadows: 1
  m_MotionVectors: 1
  m_LightProbeUsage: 1
  m_ReflectionProbeUsage: 1
  m_Materials:
  - {fileID: 10303, guid: 0000000000000000f000000000000000, type: 0}
  m_SubsetIndices: 
  m_StaticBatchRoot: {fileID: 0}
  m_ProbeAnchor: {fileID: 0}
  m_LightProbeVolumeOverride: {fileID: 0}
  m_ScaleInLightmap: 1
  m_PreserveUVs: 1
  m_IgnoreNormalsForChartDetection: 0
  m_ImportantGI: 0
  m_SelectedWireframeHidden: 0
  m_MinimumChartSize: 4
  m_AutoUVMaxDistance: 0.5
  m_AutoUVMaxAngle: 89
  m_LightmapParameters: {fileID: 0}
  m_SortingLayerID: 0
  m_SortingOrder: 0
--- !u!65 &1621473222
BoxCollider:
  m_ObjectHideFlags: 0
  m_PrefabParentObject: {fileID: 0}
  m_PrefabInternal: {fileID: 0}
  m_GameObject: {fileID: 1621473220}
  m_Material: {fileID: 0}
  m_IsTrigger: 0
  m_Enabled: 1
  serializedVersion: 2
  m_Size: {x: 1, y: 1, z: 1}
  m_Center: {x: 0, y: 0, z: 0}
--- !u!33 &1621473223
MeshFilter:
  m_ObjectHideFlags: 0
  m_PrefabParentObject: {fileID: 0}
  m_PrefabInternal: {fileID: 0}
  m_GameObject: {fileID: 1621473220}
  m_Mesh: {fileID: 10202, guid: 0000000000000000e000000000000000, type: 0}
--- !u!4 &1621473224
Transform:
  m_ObjectHideFlags: 0
  m_PrefabParentObject: {fileID: 0}
  m_PrefabInternal: {fileID: 0}
  m_GameObject: {fileID: 1621473220}
  m_LocalRotation: {x: -0, y: -0, z: 0.025151307, w: 0.9996837}
  m_LocalPosition: {x: 7, y: -15.1, z: 0.1}
  m_LocalScale: {x: 89.13402, y: 2.9711342, z: 89.134026}
  m_LocalEulerAnglesHint: {x: 0, y: 0, z: 2.799}
  m_Children: []
  m_Father: {fileID: 0}
  m_RootOrder: 28
--- !u!1001 &1789488447
Prefab:
  m_ObjectHideFlags: 0
  serializedVersion: 2
  m_Modification:
    m_TransformParent: {fileID: 0}
    m_Modifications:
    - target: {fileID: 4000012321423346, guid: 54b5297bbc1ef4c18ac5b10f7f9f2e8f, type: 2}
      propertyPath: m_LocalPosition.x
      value: 1.86
      objectReference: {fileID: 0}
    - target: {fileID: 4000012321423346, guid: 54b5297bbc1ef4c18ac5b10f7f9f2e8f, type: 2}
      propertyPath: m_LocalPosition.y
      value: 1.38
      objectReference: {fileID: 0}
    - target: {fileID: 4000012321423346, guid: 54b5297bbc1ef4c18ac5b10f7f9f2e8f, type: 2}
      propertyPath: m_LocalPosition.z
      value: 1.48
      objectReference: {fileID: 0}
    - target: {fileID: 4000012321423346, guid: 54b5297bbc1ef4c18ac5b10f7f9f2e8f, type: 2}
      propertyPath: m_LocalRotation.x
      value: -0
      objectReference: {fileID: 0}
    - target: {fileID: 4000012321423346, guid: 54b5297bbc1ef4c18ac5b10f7f9f2e8f, type: 2}
      propertyPath: m_LocalRotation.y
      value: -0
      objectReference: {fileID: 0}
    - target: {fileID: 4000012321423346, guid: 54b5297bbc1ef4c18ac5b10f7f9f2e8f, type: 2}
      propertyPath: m_LocalRotation.z
      value: 0.08750845
      objectReference: {fileID: 0}
    - target: {fileID: 4000012321423346, guid: 54b5297bbc1ef4c18ac5b10f7f9f2e8f, type: 2}
      propertyPath: m_LocalRotation.w
      value: 0.99616385
      objectReference: {fileID: 0}
    - target: {fileID: 4000012321423346, guid: 54b5297bbc1ef4c18ac5b10f7f9f2e8f, type: 2}
      propertyPath: m_RootOrder
      value: 17
      objectReference: {fileID: 0}
    - target: {fileID: 1000012975659404, guid: 54b5297bbc1ef4c18ac5b10f7f9f2e8f, type: 2}
      propertyPath: m_Name
      value: NewClippyBitch (7)
      objectReference: {fileID: 0}
    - target: {fileID: 114000012970484302, guid: 54b5297bbc1ef4c18ac5b10f7f9f2e8f,
        type: 2}
      propertyPath: isPlayer
      value: 0
      objectReference: {fileID: 0}
    - target: {fileID: 4000012321423346, guid: 54b5297bbc1ef4c18ac5b10f7f9f2e8f, type: 2}
      propertyPath: m_LocalEulerAnglesHint.z
      value: 9.786
      objectReference: {fileID: 0}
    - target: {fileID: 54000012024078546, guid: 54b5297bbc1ef4c18ac5b10f7f9f2e8f,
        type: 2}
      propertyPath: m_IsKinematic
      value: 0
      objectReference: {fileID: 0}
    - target: {fileID: 54000012024078546, guid: 54b5297bbc1ef4c18ac5b10f7f9f2e8f,
        type: 2}
      propertyPath: m_AngularDrag
      value: 0.5
      objectReference: {fileID: 0}
    - target: {fileID: 0}
      propertyPath: m_Controller
      value: 
      objectReference: {fileID: 9100000, guid: 23aedcd5a3dea4002af68bb84675a052, type: 2}
    - target: {fileID: 0}
      propertyPath: m_Enabled
      value: 1
      objectReference: {fileID: 0}
    - target: {fileID: 4000011325187302, guid: 54b5297bbc1ef4c18ac5b10f7f9f2e8f, type: 2}
      propertyPath: m_LocalPosition.x
      value: 0.000000044703
      objectReference: {fileID: 0}
    - target: {fileID: 4000011325187302, guid: 54b5297bbc1ef4c18ac5b10f7f9f2e8f, type: 2}
      propertyPath: m_LocalPosition.y
      value: -0.46449
      objectReference: {fileID: 0}
    - target: {fileID: 4000011325187302, guid: 54b5297bbc1ef4c18ac5b10f7f9f2e8f, type: 2}
      propertyPath: m_LocalScale.y
      value: 1
      objectReference: {fileID: 0}
    - target: {fileID: 4000011854048430, guid: 54b5297bbc1ef4c18ac5b10f7f9f2e8f, type: 2}
      propertyPath: m_LocalPosition.x
      value: -0
      objectReference: {fileID: 0}
    - target: {fileID: 4000011854048430, guid: 54b5297bbc1ef4c18ac5b10f7f9f2e8f, type: 2}
      propertyPath: m_LocalPosition.y
      value: 0.067
      objectReference: {fileID: 0}
    - target: {fileID: 1000012975659404, guid: 54b5297bbc1ef4c18ac5b10f7f9f2e8f, type: 2}
      propertyPath: m_IsActive
      value: 0
      objectReference: {fileID: 0}
    - target: {fileID: 4000013921910924, guid: 54b5297bbc1ef4c18ac5b10f7f9f2e8f, type: 2}
      propertyPath: m_LocalEulerAnglesHint.x
      value: 2.6354284
      objectReference: {fileID: 0}
    - target: {fileID: 4000013921910924, guid: 54b5297bbc1ef4c18ac5b10f7f9f2e8f, type: 2}
      propertyPath: m_LocalEulerAnglesHint.y
      value: -0.24285065
      objectReference: {fileID: 0}
    - target: {fileID: 4000013921910924, guid: 54b5297bbc1ef4c18ac5b10f7f9f2e8f, type: 2}
      propertyPath: m_LocalEulerAnglesHint.z
      value: -10.948238
      objectReference: {fileID: 0}
    - target: {fileID: 4000013508129558, guid: 54b5297bbc1ef4c18ac5b10f7f9f2e8f, type: 2}
      propertyPath: m_LocalEulerAnglesHint.x
      value: 19.468658
      objectReference: {fileID: 0}
    - target: {fileID: 4000013508129558, guid: 54b5297bbc1ef4c18ac5b10f7f9f2e8f, type: 2}
      propertyPath: m_LocalEulerAnglesHint.y
      value: 238.45972
      objectReference: {fileID: 0}
    - target: {fileID: 4000013508129558, guid: 54b5297bbc1ef4c18ac5b10f7f9f2e8f, type: 2}
      propertyPath: m_LocalEulerAnglesHint.z
      value: 235.4325
      objectReference: {fileID: 0}
    m_RemovedComponents:
    - {fileID: 0}
  m_ParentPrefab: {fileID: 100100000, guid: 54b5297bbc1ef4c18ac5b10f7f9f2e8f, type: 2}
  m_IsPrefabParent: 0
--- !u!1001 &1843079222
Prefab:
  m_ObjectHideFlags: 0
  serializedVersion: 2
  m_Modification:
    m_TransformParent: {fileID: 0}
    m_Modifications:
    - target: {fileID: 4000012321423346, guid: 54b5297bbc1ef4c18ac5b10f7f9f2e8f, type: 2}
      propertyPath: m_LocalPosition.x
      value: 1.05
      objectReference: {fileID: 0}
    - target: {fileID: 4000012321423346, guid: 54b5297bbc1ef4c18ac5b10f7f9f2e8f, type: 2}
      propertyPath: m_LocalPosition.y
      value: 2.0030963
      objectReference: {fileID: 0}
    - target: {fileID: 4000012321423346, guid: 54b5297bbc1ef4c18ac5b10f7f9f2e8f, type: 2}
      propertyPath: m_LocalPosition.z
      value: -0.08
      objectReference: {fileID: 0}
    - target: {fileID: 4000012321423346, guid: 54b5297bbc1ef4c18ac5b10f7f9f2e8f, type: 2}
      propertyPath: m_LocalRotation.x
      value: -0
      objectReference: {fileID: 0}
    - target: {fileID: 4000012321423346, guid: 54b5297bbc1ef4c18ac5b10f7f9f2e8f, type: 2}
      propertyPath: m_LocalRotation.y
      value: -0
      objectReference: {fileID: 0}
    - target: {fileID: 4000012321423346, guid: 54b5297bbc1ef4c18ac5b10f7f9f2e8f, type: 2}
      propertyPath: m_LocalRotation.z
      value: 0.08750845
      objectReference: {fileID: 0}
    - target: {fileID: 4000012321423346, guid: 54b5297bbc1ef4c18ac5b10f7f9f2e8f, type: 2}
      propertyPath: m_LocalRotation.w
      value: 0.99616385
      objectReference: {fileID: 0}
    - target: {fileID: 4000012321423346, guid: 54b5297bbc1ef4c18ac5b10f7f9f2e8f, type: 2}
      propertyPath: m_RootOrder
      value: 18
      objectReference: {fileID: 0}
    - target: {fileID: 1000012975659404, guid: 54b5297bbc1ef4c18ac5b10f7f9f2e8f, type: 2}
      propertyPath: m_Name
      value: NewClippyBitch (8)
      objectReference: {fileID: 0}
    - target: {fileID: 114000012970484302, guid: 54b5297bbc1ef4c18ac5b10f7f9f2e8f,
        type: 2}
      propertyPath: isPlayer
      value: 0
      objectReference: {fileID: 0}
    - target: {fileID: 4000012321423346, guid: 54b5297bbc1ef4c18ac5b10f7f9f2e8f, type: 2}
      propertyPath: m_LocalEulerAnglesHint.z
      value: 9.786
      objectReference: {fileID: 0}
    - target: {fileID: 54000012024078546, guid: 54b5297bbc1ef4c18ac5b10f7f9f2e8f,
        type: 2}
      propertyPath: m_IsKinematic
      value: 0
      objectReference: {fileID: 0}
    - target: {fileID: 54000012024078546, guid: 54b5297bbc1ef4c18ac5b10f7f9f2e8f,
        type: 2}
      propertyPath: m_AngularDrag
      value: 0.5
      objectReference: {fileID: 0}
    - target: {fileID: 0}
      propertyPath: m_Controller
      value: 
      objectReference: {fileID: 9100000, guid: 23aedcd5a3dea4002af68bb84675a052, type: 2}
    - target: {fileID: 0}
      propertyPath: m_Enabled
      value: 1
      objectReference: {fileID: 0}
    - target: {fileID: 4000011325187302, guid: 54b5297bbc1ef4c18ac5b10f7f9f2e8f, type: 2}
      propertyPath: m_LocalPosition.x
      value: 0.000000044703
      objectReference: {fileID: 0}
    - target: {fileID: 4000011325187302, guid: 54b5297bbc1ef4c18ac5b10f7f9f2e8f, type: 2}
      propertyPath: m_LocalPosition.y
      value: -0.46449
      objectReference: {fileID: 0}
    - target: {fileID: 4000011325187302, guid: 54b5297bbc1ef4c18ac5b10f7f9f2e8f, type: 2}
      propertyPath: m_LocalScale.y
      value: 1
      objectReference: {fileID: 0}
    - target: {fileID: 4000011854048430, guid: 54b5297bbc1ef4c18ac5b10f7f9f2e8f, type: 2}
      propertyPath: m_LocalPosition.x
      value: -0
      objectReference: {fileID: 0}
    - target: {fileID: 4000011854048430, guid: 54b5297bbc1ef4c18ac5b10f7f9f2e8f, type: 2}
      propertyPath: m_LocalPosition.y
      value: 0.067
      objectReference: {fileID: 0}
    - target: {fileID: 1000012975659404, guid: 54b5297bbc1ef4c18ac5b10f7f9f2e8f, type: 2}
      propertyPath: m_IsActive
      value: 0
      objectReference: {fileID: 0}
    - target: {fileID: 4000013921910924, guid: 54b5297bbc1ef4c18ac5b10f7f9f2e8f, type: 2}
      propertyPath: m_LocalEulerAnglesHint.x
      value: 2.6354284
      objectReference: {fileID: 0}
    - target: {fileID: 4000013921910924, guid: 54b5297bbc1ef4c18ac5b10f7f9f2e8f, type: 2}
      propertyPath: m_LocalEulerAnglesHint.y
      value: -0.24285065
      objectReference: {fileID: 0}
    - target: {fileID: 4000013921910924, guid: 54b5297bbc1ef4c18ac5b10f7f9f2e8f, type: 2}
      propertyPath: m_LocalEulerAnglesHint.z
      value: -10.948238
      objectReference: {fileID: 0}
    - target: {fileID: 4000013508129558, guid: 54b5297bbc1ef4c18ac5b10f7f9f2e8f, type: 2}
      propertyPath: m_LocalEulerAnglesHint.x
      value: 19.468658
      objectReference: {fileID: 0}
    - target: {fileID: 4000013508129558, guid: 54b5297bbc1ef4c18ac5b10f7f9f2e8f, type: 2}
      propertyPath: m_LocalEulerAnglesHint.y
      value: 238.45972
      objectReference: {fileID: 0}
    - target: {fileID: 4000013508129558, guid: 54b5297bbc1ef4c18ac5b10f7f9f2e8f, type: 2}
      propertyPath: m_LocalEulerAnglesHint.z
      value: 235.4325
      objectReference: {fileID: 0}
    m_RemovedComponents:
    - {fileID: 0}
  m_ParentPrefab: {fileID: 100100000, guid: 54b5297bbc1ef4c18ac5b10f7f9f2e8f, type: 2}
  m_IsPrefabParent: 0
--- !u!1001 &1937084324
Prefab:
  m_ObjectHideFlags: 0
  serializedVersion: 2
  m_Modification:
    m_TransformParent: {fileID: 0}
    m_Modifications:
    - target: {fileID: 4000012321423346, guid: 54b5297bbc1ef4c18ac5b10f7f9f2e8f, type: 2}
      propertyPath: m_LocalPosition.x
      value: -0.00003066729
      objectReference: {fileID: 0}
    - target: {fileID: 4000012321423346, guid: 54b5297bbc1ef4c18ac5b10f7f9f2e8f, type: 2}
      propertyPath: m_LocalPosition.y
      value: 6.9203467
      objectReference: {fileID: 0}
    - target: {fileID: 4000012321423346, guid: 54b5297bbc1ef4c18ac5b10f7f9f2e8f, type: 2}
      propertyPath: m_LocalPosition.z
      value: 0
      objectReference: {fileID: 0}
    - target: {fileID: 4000012321423346, guid: 54b5297bbc1ef4c18ac5b10f7f9f2e8f, type: 2}
      propertyPath: m_LocalRotation.x
      value: 0
      objectReference: {fileID: 0}
    - target: {fileID: 4000012321423346, guid: 54b5297bbc1ef4c18ac5b10f7f9f2e8f, type: 2}
      propertyPath: m_LocalRotation.y
      value: 0
      objectReference: {fileID: 0}
    - target: {fileID: 4000012321423346, guid: 54b5297bbc1ef4c18ac5b10f7f9f2e8f, type: 2}
      propertyPath: m_LocalRotation.z
      value: 0
      objectReference: {fileID: 0}
    - target: {fileID: 4000012321423346, guid: 54b5297bbc1ef4c18ac5b10f7f9f2e8f, type: 2}
      propertyPath: m_LocalRotation.w
      value: 1
      objectReference: {fileID: 0}
    - target: {fileID: 4000012321423346, guid: 54b5297bbc1ef4c18ac5b10f7f9f2e8f, type: 2}
      propertyPath: m_RootOrder
      value: 10
      objectReference: {fileID: 0}
    - target: {fileID: 1000012975659404, guid: 54b5297bbc1ef4c18ac5b10f7f9f2e8f, type: 2}
      propertyPath: m_Name
      value: NewClippyBitch (1)
      objectReference: {fileID: 0}
    - target: {fileID: 114000012970484302, guid: 54b5297bbc1ef4c18ac5b10f7f9f2e8f,
        type: 2}
      propertyPath: isPlayer
      value: 0
      objectReference: {fileID: 0}
    - target: {fileID: 4000012321423346, guid: 54b5297bbc1ef4c18ac5b10f7f9f2e8f, type: 2}
      propertyPath: m_LocalEulerAnglesHint.z
      value: 0
      objectReference: {fileID: 0}
    - target: {fileID: 54000012024078546, guid: 54b5297bbc1ef4c18ac5b10f7f9f2e8f,
        type: 2}
      propertyPath: m_IsKinematic
      value: 0
      objectReference: {fileID: 0}
    - target: {fileID: 1000012975659404, guid: 54b5297bbc1ef4c18ac5b10f7f9f2e8f, type: 2}
      propertyPath: m_IsActive
      value: 0
      objectReference: {fileID: 0}
    m_RemovedComponents: []
  m_ParentPrefab: {fileID: 100100000, guid: 54b5297bbc1ef4c18ac5b10f7f9f2e8f, type: 2}
  m_IsPrefabParent: 0
--- !u!1001 &1984235298
Prefab:
  m_ObjectHideFlags: 0
  serializedVersion: 2
  m_Modification:
    m_TransformParent: {fileID: 0}
    m_Modifications:
    - target: {fileID: 4000011265495504, guid: b5e9198346303fe47af7bd2df15d4104, type: 2}
      propertyPath: m_LocalPosition.x
      value: 0
      objectReference: {fileID: 0}
    - target: {fileID: 4000011265495504, guid: b5e9198346303fe47af7bd2df15d4104, type: 2}
      propertyPath: m_LocalPosition.y
      value: 0
      objectReference: {fileID: 0}
    - target: {fileID: 4000011265495504, guid: b5e9198346303fe47af7bd2df15d4104, type: 2}
      propertyPath: m_LocalPosition.z
      value: 0
      objectReference: {fileID: 0}
    - target: {fileID: 4000011265495504, guid: b5e9198346303fe47af7bd2df15d4104, type: 2}
      propertyPath: m_LocalRotation.x
      value: 0
      objectReference: {fileID: 0}
    - target: {fileID: 4000011265495504, guid: b5e9198346303fe47af7bd2df15d4104, type: 2}
      propertyPath: m_LocalRotation.y
      value: 0
      objectReference: {fileID: 0}
    - target: {fileID: 4000011265495504, guid: b5e9198346303fe47af7bd2df15d4104, type: 2}
      propertyPath: m_LocalRotation.z
      value: 0
      objectReference: {fileID: 0}
    - target: {fileID: 4000011265495504, guid: b5e9198346303fe47af7bd2df15d4104, type: 2}
      propertyPath: m_LocalRotation.w
      value: 1
      objectReference: {fileID: 0}
    - target: {fileID: 4000011265495504, guid: b5e9198346303fe47af7bd2df15d4104, type: 2}
      propertyPath: m_RootOrder
      value: 2
      objectReference: {fileID: 0}
    - target: {fileID: 114000012369826100, guid: b5e9198346303fe47af7bd2df15d4104,
        type: 2}
      propertyPath: myAudioListener
      value: 
      objectReference: {fileID: 1987538915}
    m_RemovedComponents: []
  m_ParentPrefab: {fileID: 100100000, guid: b5e9198346303fe47af7bd2df15d4104, type: 2}
  m_IsPrefabParent: 0
--- !u!81 &1987538915 stripped
AudioListener:
  m_PrefabParentObject: {fileID: 81000013186272932, guid: 18328f488cda043f7bd6704d9ed9d557,
    type: 2}
  m_PrefabInternal: {fileID: 768456028}
--- !u!1 &2066733282
GameObject:
  m_ObjectHideFlags: 0
  m_PrefabParentObject: {fileID: 0}
  m_PrefabInternal: {fileID: 0}
  serializedVersion: 4
  m_Component:
  - 4: {fileID: 2066733284}
  - 108: {fileID: 2066733283}
  m_Layer: 0
  m_Name: Directional Light
  m_TagString: Untagged
  m_Icon: {fileID: 0}
  m_NavMeshLayer: 0
  m_StaticEditorFlags: 0
  m_IsActive: 1
--- !u!108 &2066733283
Light:
  m_ObjectHideFlags: 0
  m_PrefabParentObject: {fileID: 0}
  m_PrefabInternal: {fileID: 0}
  m_GameObject: {fileID: 2066733282}
  m_Enabled: 1
  serializedVersion: 7
  m_Type: 1
  m_Color: {r: 1, g: 0.95686275, b: 0.8392157, a: 1}
  m_Intensity: 1
  m_Range: 10
  m_SpotAngle: 30
  m_CookieSize: 10
  m_Shadows:
    m_Type: 2
    m_Resolution: -1
    m_CustomResolution: -1
    m_Strength: 1
    m_Bias: 0.05
    m_NormalBias: 0.4
    m_NearPlane: 0.2
  m_Cookie: {fileID: 0}
  m_DrawHalo: 0
  m_Flare: {fileID: 0}
  m_RenderMode: 0
  m_CullingMask:
    serializedVersion: 2
    m_Bits: 4294967295
  m_Lightmapping: 4
  m_AreaSize: {x: 1, y: 1}
  m_BounceIntensity: 1
  m_ShadowRadius: 0
  m_ShadowAngle: 0
--- !u!4 &2066733284
Transform:
  m_ObjectHideFlags: 0
  m_PrefabParentObject: {fileID: 0}
  m_PrefabInternal: {fileID: 0}
  m_GameObject: {fileID: 2066733282}
  m_LocalRotation: {x: 0.25889727, y: -0.16058908, z: 0.1302215, w: 0.9435178}
  m_LocalPosition: {x: 12.57, y: 10.45, z: -34.3}
  m_LocalScale: {x: 1, y: 1, z: 1}
  m_LocalEulerAnglesHint: {x: 32.018, y: -15.826001, z: 10.785001}
  m_Children: []
  m_Father: {fileID: 0}
  m_RootOrder: 4
--- !u!1001 &2095073537
Prefab:
  m_ObjectHideFlags: 0
  serializedVersion: 2
  m_Modification:
    m_TransformParent: {fileID: 0}
    m_Modifications:
    - target: {fileID: 4000012321423346, guid: 54b5297bbc1ef4c18ac5b10f7f9f2e8f, type: 2}
      propertyPath: m_LocalPosition.x
      value: 1.25
      objectReference: {fileID: 0}
    - target: {fileID: 4000012321423346, guid: 54b5297bbc1ef4c18ac5b10f7f9f2e8f, type: 2}
      propertyPath: m_LocalPosition.y
      value: 1.44
      objectReference: {fileID: 0}
    - target: {fileID: 4000012321423346, guid: 54b5297bbc1ef4c18ac5b10f7f9f2e8f, type: 2}
      propertyPath: m_LocalPosition.z
      value: 0.31
      objectReference: {fileID: 0}
    - target: {fileID: 4000012321423346, guid: 54b5297bbc1ef4c18ac5b10f7f9f2e8f, type: 2}
      propertyPath: m_LocalRotation.x
      value: 0
      objectReference: {fileID: 0}
    - target: {fileID: 4000012321423346, guid: 54b5297bbc1ef4c18ac5b10f7f9f2e8f, type: 2}
      propertyPath: m_LocalRotation.y
      value: 0
      objectReference: {fileID: 0}
    - target: {fileID: 4000012321423346, guid: 54b5297bbc1ef4c18ac5b10f7f9f2e8f, type: 2}
      propertyPath: m_LocalRotation.z
      value: 0
      objectReference: {fileID: 0}
    - target: {fileID: 4000012321423346, guid: 54b5297bbc1ef4c18ac5b10f7f9f2e8f, type: 2}
      propertyPath: m_LocalRotation.w
      value: 1
      objectReference: {fileID: 0}
    - target: {fileID: 4000012321423346, guid: 54b5297bbc1ef4c18ac5b10f7f9f2e8f, type: 2}
      propertyPath: m_RootOrder
      value: 16
      objectReference: {fileID: 0}
    - target: {fileID: 1000012975659404, guid: 54b5297bbc1ef4c18ac5b10f7f9f2e8f, type: 2}
      propertyPath: m_IsActive
      value: 0
      objectReference: {fileID: 0}
    - target: {fileID: 54000012024078546, guid: 54b5297bbc1ef4c18ac5b10f7f9f2e8f,
        type: 2}
      propertyPath: m_IsKinematic
      value: 0
      objectReference: {fileID: 0}
    - target: {fileID: 1000012975659404, guid: 54b5297bbc1ef4c18ac5b10f7f9f2e8f, type: 2}
      propertyPath: m_Name
      value: NewClippyBitch (6)
      objectReference: {fileID: 0}
    m_RemovedComponents: []
  m_ParentPrefab: {fileID: 100100000, guid: 54b5297bbc1ef4c18ac5b10f7f9f2e8f, type: 2}
  m_IsPrefabParent: 0
--- !u!1001 &2104794225
Prefab:
  m_ObjectHideFlags: 0
  serializedVersion: 2
  m_Modification:
    m_TransformParent: {fileID: 0}
    m_Modifications:
    - target: {fileID: 4000012321423346, guid: 54b5297bbc1ef4c18ac5b10f7f9f2e8f, type: 2}
      propertyPath: m_LocalPosition.x
      value: -1.7190135
      objectReference: {fileID: 0}
    - target: {fileID: 4000012321423346, guid: 54b5297bbc1ef4c18ac5b10f7f9f2e8f, type: 2}
      propertyPath: m_LocalPosition.y
      value: 2.0030963
      objectReference: {fileID: 0}
    - target: {fileID: 4000012321423346, guid: 54b5297bbc1ef4c18ac5b10f7f9f2e8f, type: 2}
      propertyPath: m_LocalPosition.z
      value: 0
      objectReference: {fileID: 0}
    - target: {fileID: 4000012321423346, guid: 54b5297bbc1ef4c18ac5b10f7f9f2e8f, type: 2}
      propertyPath: m_LocalRotation.x
      value: -0
      objectReference: {fileID: 0}
    - target: {fileID: 4000012321423346, guid: 54b5297bbc1ef4c18ac5b10f7f9f2e8f, type: 2}
      propertyPath: m_LocalRotation.y
      value: -0
      objectReference: {fileID: 0}
    - target: {fileID: 4000012321423346, guid: 54b5297bbc1ef4c18ac5b10f7f9f2e8f, type: 2}
      propertyPath: m_LocalRotation.z
      value: 0.08750845
      objectReference: {fileID: 0}
    - target: {fileID: 4000012321423346, guid: 54b5297bbc1ef4c18ac5b10f7f9f2e8f, type: 2}
      propertyPath: m_LocalRotation.w
      value: 0.99616385
      objectReference: {fileID: 0}
    - target: {fileID: 4000012321423346, guid: 54b5297bbc1ef4c18ac5b10f7f9f2e8f, type: 2}
      propertyPath: m_RootOrder
      value: 13
      objectReference: {fileID: 0}
    - target: {fileID: 1000012975659404, guid: 54b5297bbc1ef4c18ac5b10f7f9f2e8f, type: 2}
      propertyPath: m_Name
      value: NewClippyBitch (2)
      objectReference: {fileID: 0}
    - target: {fileID: 114000012970484302, guid: 54b5297bbc1ef4c18ac5b10f7f9f2e8f,
        type: 2}
      propertyPath: isPlayer
      value: 0
      objectReference: {fileID: 0}
    - target: {fileID: 4000012321423346, guid: 54b5297bbc1ef4c18ac5b10f7f9f2e8f, type: 2}
      propertyPath: m_LocalEulerAnglesHint.z
      value: 9.786
      objectReference: {fileID: 0}
    - target: {fileID: 54000012024078546, guid: 54b5297bbc1ef4c18ac5b10f7f9f2e8f,
        type: 2}
      propertyPath: m_IsKinematic
      value: 0
      objectReference: {fileID: 0}
    - target: {fileID: 54000012024078546, guid: 54b5297bbc1ef4c18ac5b10f7f9f2e8f,
        type: 2}
      propertyPath: m_AngularDrag
      value: 0.5
      objectReference: {fileID: 0}
    - target: {fileID: 0}
      propertyPath: m_Controller
      value: 
      objectReference: {fileID: 9100000, guid: 23aedcd5a3dea4002af68bb84675a052, type: 2}
    - target: {fileID: 0}
      propertyPath: m_Enabled
      value: 1
      objectReference: {fileID: 0}
    - target: {fileID: 4000011325187302, guid: 54b5297bbc1ef4c18ac5b10f7f9f2e8f, type: 2}
      propertyPath: m_LocalPosition.x
      value: 0.000000044703
      objectReference: {fileID: 0}
    - target: {fileID: 4000011325187302, guid: 54b5297bbc1ef4c18ac5b10f7f9f2e8f, type: 2}
      propertyPath: m_LocalPosition.y
      value: -0.46449
      objectReference: {fileID: 0}
    - target: {fileID: 4000011325187302, guid: 54b5297bbc1ef4c18ac5b10f7f9f2e8f, type: 2}
      propertyPath: m_LocalScale.y
      value: 1
      objectReference: {fileID: 0}
    - target: {fileID: 4000011854048430, guid: 54b5297bbc1ef4c18ac5b10f7f9f2e8f, type: 2}
      propertyPath: m_LocalPosition.x
      value: -0
      objectReference: {fileID: 0}
    - target: {fileID: 4000011854048430, guid: 54b5297bbc1ef4c18ac5b10f7f9f2e8f, type: 2}
      propertyPath: m_LocalPosition.y
      value: 0.067
      objectReference: {fileID: 0}
    - target: {fileID: 1000012975659404, guid: 54b5297bbc1ef4c18ac5b10f7f9f2e8f, type: 2}
      propertyPath: m_IsActive
      value: 0
      objectReference: {fileID: 0}
    - target: {fileID: 4000013921910924, guid: 54b5297bbc1ef4c18ac5b10f7f9f2e8f, type: 2}
      propertyPath: m_LocalEulerAnglesHint.x
      value: 2.6354284
      objectReference: {fileID: 0}
    - target: {fileID: 4000013921910924, guid: 54b5297bbc1ef4c18ac5b10f7f9f2e8f, type: 2}
      propertyPath: m_LocalEulerAnglesHint.y
      value: -0.24285065
      objectReference: {fileID: 0}
    - target: {fileID: 4000013921910924, guid: 54b5297bbc1ef4c18ac5b10f7f9f2e8f, type: 2}
      propertyPath: m_LocalEulerAnglesHint.z
      value: -10.948238
      objectReference: {fileID: 0}
    - target: {fileID: 4000013508129558, guid: 54b5297bbc1ef4c18ac5b10f7f9f2e8f, type: 2}
      propertyPath: m_LocalEulerAnglesHint.x
      value: 19.468658
      objectReference: {fileID: 0}
    - target: {fileID: 4000013508129558, guid: 54b5297bbc1ef4c18ac5b10f7f9f2e8f, type: 2}
      propertyPath: m_LocalEulerAnglesHint.y
      value: 238.45972
      objectReference: {fileID: 0}
    - target: {fileID: 4000013508129558, guid: 54b5297bbc1ef4c18ac5b10f7f9f2e8f, type: 2}
      propertyPath: m_LocalEulerAnglesHint.z
      value: 235.4325
      objectReference: {fileID: 0}
    m_RemovedComponents:
    - {fileID: 0}
  m_ParentPrefab: {fileID: 100100000, guid: 54b5297bbc1ef4c18ac5b10f7f9f2e8f, type: 2}
  m_IsPrefabParent: 0
--- !u!1001 &2129095423
Prefab:
  m_ObjectHideFlags: 0
  serializedVersion: 2
  m_Modification:
    m_TransformParent: {fileID: 0}
    m_Modifications:
    - target: {fileID: 4000010833691504, guid: 1ed9536461d485c47acf5daa2abf56d2, type: 2}
      propertyPath: m_LocalPosition.x
      value: 1.94
      objectReference: {fileID: 0}
    - target: {fileID: 4000010833691504, guid: 1ed9536461d485c47acf5daa2abf56d2, type: 2}
      propertyPath: m_LocalPosition.y
      value: 2.66
      objectReference: {fileID: 0}
    - target: {fileID: 4000010833691504, guid: 1ed9536461d485c47acf5daa2abf56d2, type: 2}
      propertyPath: m_LocalPosition.z
      value: 4.01
      objectReference: {fileID: 0}
    - target: {fileID: 4000010833691504, guid: 1ed9536461d485c47acf5daa2abf56d2, type: 2}
      propertyPath: m_LocalRotation.x
      value: -0
      objectReference: {fileID: 0}
    - target: {fileID: 4000010833691504, guid: 1ed9536461d485c47acf5daa2abf56d2, type: 2}
      propertyPath: m_LocalRotation.y
      value: -0
      objectReference: {fileID: 0}
    - target: {fileID: 4000010833691504, guid: 1ed9536461d485c47acf5daa2abf56d2, type: 2}
      propertyPath: m_LocalRotation.z
      value: -0
      objectReference: {fileID: 0}
    - target: {fileID: 4000010833691504, guid: 1ed9536461d485c47acf5daa2abf56d2, type: 2}
      propertyPath: m_LocalRotation.w
      value: 1
      objectReference: {fileID: 0}
    - target: {fileID: 4000010833691504, guid: 1ed9536461d485c47acf5daa2abf56d2, type: 2}
      propertyPath: m_RootOrder
      value: 8
      objectReference: {fileID: 0}
    - target: {fileID: 114000010991538268, guid: 1ed9536461d485c47acf5daa2abf56d2,
        type: 2}
      propertyPath: maxPower
      value: 20
      objectReference: {fileID: 0}
    - target: {fileID: 114000010991538268, guid: 1ed9536461d485c47acf5daa2abf56d2,
        type: 2}
      propertyPath: power
      value: 10
      objectReference: {fileID: 0}
    - target: {fileID: 114000010991538268, guid: 1ed9536461d485c47acf5daa2abf56d2,
        type: 2}
      propertyPath: barFactor
      value: 4
      objectReference: {fileID: 0}
    m_RemovedComponents: []
  m_ParentPrefab: {fileID: 100100000, guid: 1ed9536461d485c47acf5daa2abf56d2, type: 2}
  m_IsPrefabParent: 0
